3475 5118
463 382 573 468 27]
1308 384 1390 438 De
1424 388 1761 438 mortuorum
1797 383 1994 439 iudicio
2727 389 2810 454 59

461 558 638 632 χείας
679 551 848 629 τινὸς
877 550 1219 631 ἐξετάσεως
1260 551 1568 634 δεόμενον.
1654 553 1862 620 πάλαι
1905 565 2055 638 γοῦν
2099 575 2202 618 σοι
2245 555 2351 619 καὶ
2396 555 2629 639 γυμνός
2670 555 2817 643 εἰμι,

466 657 629 719 ὥστε
675 654 1041 719 ἐπισκόπει.

637 754 764 822 Ῥα
784 755 877 823 δ..·
923 759 1034 834 Τίς
1078 755 1147 820 δὲ
1193 757 1281 821 ὢν
1322 759 1649 840 τυγχάνεις
1662 780 1684 830 ,·

635 869 706 924 Μ
719 864 814 926 ίκ.
834 882 855 921 .·
898 857 970 923 ‘0
1016 858 1397 941 σκυτοτόμος
1437 859 1770 936 Μίκυλλος.

636 962 762 1028 Ῥα
781 960 834 1028 δ.
853 985 875 1024 .·
915 957 1013 1027 Εὖ
1056 982 1148 1044 γε,
1193 957 1244 1025 ὦ
1287 963 1580 1048 Μίκυλλε,
1640 963 1933 1047 καθαρὸς
1990 964 2271 1051 ἀκριβῶς
2330 966 2436 1030 καὶ
2482 965 2815 1052 ἀνεπίγρα-

465 1086 617 1149 φος·
679 1064 885 1129 ἄπιθι
948 1065 1057 1129 καὶ
1118 1066 1192 1129 σὺ
1251 1065 1434 1149 παρὰ
1475 1070 1788 1131 Κυνίσκον
1845 1071 2109 1134 τουτονί.
2187 1068 2294 1132 τὸν
2346 1071 2644 1155 τύραννον
2700 1068 2816 1157 ἤδη

464 1167 833 1252 προσκάλει.

642 1270 965 1357 Ἑρμῆςε
1022 1274 1454 1358 Μεγαπένθης
1496 1271 1795 1337 Λακύδου
1840 1272 2057 1356 ἡκέτω.
2133 1284 2259 1338 ποῖ
2301 1278 2573 1361 στρέφῃ;
2623 1275 2817 1359 πρόσ-

470 1376 578 1438 ιθι
595 1397 611 1414 ·
659 1373 730 1438 σὲ
773 1371 879 1437 τὸν
921 1375 1217 1458 τύραννον
1244 1373 1608 1457 προσκαλῶ.
1696 1375 2012 1462 πρόβαλλ’
2058 1376 2262 1462 αὐτόν,
2306 1371 2357 1439 ὦ
2392 1385 2579 1442 Τισι
2595 1398 2646 1460 φ
2664 1377 2701 1441 ό
2718 1399 2819 1463 νη.

637 1475 883 1542 Ῥαδ..·
926 1477 1014 1540 Σὺ
1061 1474 1150 1550 δέ,
1197 1471 1249 1539 ὦ
1291 1485 1455 1550 Κυν.,
1501 1479 1837 1565 κατηγόρει
1881 1479 1989 1542 καὶ
2034 1477 2313 1562 διέλεγχε
2356 1478 2502 1566 ἤδη·
2544 1480 2822 1566 πλησίον

468 1580 595 1666 γὰρ
642 1583 675 1643 ὁ
721 1579 873 1665 ἀνήρ
919 1632 933 1645 .
980 1632 994 1645 .
1039 1630 1054 1645 .

640 1686 739 1750 26.
806 1690 873 1746 Κ
878 1707 916 1746 υ
934 1704 982 1748 ν.
1030 1688 1301 1749 accusat
1346 1684 1585 1749 deinde
1629 1690 1981 1767 tyrannum
2043 1689 2113 1752 et
2165 1685 2415 1769 pergit:
2476 1686 2583 1749 καὶ
2625 1695 2822 1748 ταῦτα

468 1784 565 1850 ὅτι
594 1784 682 1870 μὴ
710 1785 919 1860 ἄλλως
962 1786 1103 1870 κενή
1132 1789 1230 1862 τίς
1269 1780 1400 1851 ἐστι
1441 1786 1580 1849 κατ’
1626 1786 1818 1850 αὐτοῦ
1862 1786 2145 1874 διαβολή,
2191 1787 2418 1852 αὐτίκα
2460 1786 2596 1873 ε’ίσῃ
2624 1807 2821 1873 προσ-

468 1888 738 1964 καλέσας
795 1889 945 1964 τοὺς
986 1886 1100 1952 ὑπ’
1158 1888 1351 1952 αὐτοῦ
1410 1895 1953 1975 πεφονευμένους·
2011 1890 2253 1972 μᾶλλον
2296 1889 2367 1955 δὲ
2411 1890 2688 1976 ἄκλητοι,
2732 1890 2820 1967 ὡς

470 1990 638 2076 ὁρᾷς,
683 1993 950 2076 πάρεισι
994 1991 1104 2054 καὶ
1145 1994 1558 2076 περιστάντες
1601 1991 1905 2074 ἄγχουσιν
1948 1992 2153 2059 αὐτόν.
2199 2045 2395 2059 .....

639 2092 881 2158 Ῥαδ..·
925 2097 1002 2157 Τί
1043 2092 1207 2180 πρὸς
1247 2105 1443 2157 ταῦτα
1489 2096 1632 2180 φής,
1680 2088 1732 2156 ὦ
1778 2093 1970 2181 μιαρὲ
2015 2097 2125 2168 σύ,·

640 2204 711 2259 Μ
725 2216 821 2278 εγ.
840 2220 862 2258 .·
928 2197 1088 2273 Τοὺς
1145 2194 1260 2278 μὲν
1318 2197 1554 2282 φόνους
1613 2196 1955 2283 εἴργασμαι
1999 2200 2109 2273 οὓς
2162 2197 2349 2280 λέγει,
2418 2197 2496 2261 τὰ
2558 2196 2612 2261 δ’
2659 2196 2821 2260 ἄλλα

468 2300 682 2362 πάντα
729 2348 742 2362 .
792 2348 805 2362 .
852 2352 866 2366 .
912 2353 926 2366 .
977 2307 1123 2363 Κυν.
1170 2321 1296 2382 μου
1337 2303 1797 2383 κατεψεύσατο.

639 2409 706 2465 Κ
710 2426 748 2464 υ
764 2425 815 2465 ν.
837 2425 860 2463 .·
902 2400 1138 2467 Οὐκοῦν
1178 2401 1288 2466 καὶ
1330 2404 1584 2487 τούτων,
1629 2396 1681 2464 ὦ
1723 2401 1918 2476 Ῥαδ.,
1963 2403 2227 2487 παρέξω
2272 2424 2379 2466 σοι
2419 2405 2761 2488 μάρτυρας.

647 2503 881 2572 Ῥαδ.;
935 2505 1122 2583 Τίνας
1163 2505 1422 2581 τούτους
1464 2505 1666 2589 λέγεις
1678 2529 1700 2581 ,·

641 2616 708 2672 Κ
717 2634 753 2672 υ
769 2632 861 2673 ν..·
919 2608 1278 2695 Προσκάλει
1319 2632 1466 2691 μοι,
1528 2604 1580 2672 ὦ
1627 2609 1851 2695 (Ερμῆ,
1908 2609 2018 2674 τὸν
2060 2608 2283 2689 λύχνον
2326 2609 2520 2674 αὐτοῦ
2559 2610 2669 2673 καὶ
2711 2610 2817 2695 τὴν

471 2710 709 2798 κλίνην·
749 2712 1214 2798 μαρτυρήσουσι
1255 2712 1377 2797 γὰρ
1415 2712 1590 2777 αὐτοὶ
1634 2712 2087 2799 παρελθόντες,
2134 2709 2243 2777 οἶα
2276 2713 2618 2796 πράττοντι
2647 2733 2820 2799 συνη-

473 2816 783 2878 πίσταντο
829 2814 1013 2898 αὐτῷ.

642 2916 897 3001 Ἐρμ..·
963 2917 1038 2981 Ἡ
1088 2917 1339 3004 Κλίνη
1404 2919 1513 2981 καὶ
1574 2916 1608 2982 ὅ
1671 2919 1994 2997 Λύχνος
2060 2916 2095 2982 ὃ
2164 2914 2635 3000 Μεγαπένθους
2702 2938 2821 2979 πα-

473 3022 674 3105 ρέστω
722 3071 735 3085 .
781 3072 795 3086 .
841 3072 856 3085 .
901 3071 916 3086 .

643 3121 775 3185 Ῥα
792 3120 845 3189 δ.
863 3146 884 3184 .·
926 3121 1182 3187 Εἴπατε
1228 3116 1338 3187 οὖν
1379 3121 1562 3205 ὑμεῖς
1590 3126 1632 3186 ἃ
1665 3126 2134 3187 συνεπίστασθε
2163 3125 2577 3205 Μεγαπένθει
2604 3124 2820 3207 τούτῳ.

642 3225 939 3291 Edieunt
1005 3231 1143 3292 tum
1219 3231 1455 3310 testes,
1529 3246 1916 3308 quamquam
1991 3227 2198 3309 primo
2280 3226 2495 3293 omnia
2563 3227 2823 3307 quidem

473 3327 697 3410 turpia
742 3329 877 3411 illa,
922 3347 1089 3410 quae
1132 3330 1459 3413 viderant,
1502 3329 2010 3395 Rhadamantho
2056 3348 2368 3395 enarrare
2412 3328 2631 3396 veriti.

643 3432 744 3499 28.
803 3430 936 3494 ‘Pa
954 3429 1046 3496 δ..·
1092 3429 1272 3507 (Ἅλις
1299 3430 1414 3517 ἤδη
1458 3442 1585 3494 τῶν
1618 3433 1981 3518 μαρτύρων·
2029 3430 2189 3495 ἀλλὰ
2232 3432 2340 3495 καὶ
2386 3428 2676 3494 ἀπόδυθι
2716 3428 2826 3515 τὴν

474 3533 868 3619 πορφυρίδα,
934 3531 1040 3597 ἵνα
1102 3532 1212 3596 τὸν
1278 3532 1563 3620 ἀριθμὸν
1624 3532 1862 3615 ἰ’δωμεν
1927 3545 2053 3596 τῶν
2118 3534 2492 3617 στιγμάτων.
2578 3542 2822 3605 παπαῖ,

476 3634 622 3711 ὅλος
683 3631 866 3712 οὗτος
922 3634 1222 3713 πελιδνὸς
1277 3635 1384 3700 καὶ
1439 3638 1872 3721 κατάγραφος,
1937 3635 2179 3718 μᾶλλον
2244 3634 2314 3699 δὲ
2375 3634 2599 3711 κυανός
2658 3630 2825 3698 ἔστιν

476 3736 607 3802 ἀπὸ
652 3749 777 3801 τῶν
820 3742 1191 3821 στιγμάτων.

644 3842 1074 3908 Deliberatur
1120 3842 1401 3923 denique
1445 3844 1526 3908 de
1570 3842 1882 3923 puniendi
1924 3861 2183 3925 genere.

645 3945 825 4011 Ver.
869 3944 1064 4012 hist.
1109 3945 1196 4029 H,
1241 3947 1281 4012 6
1327 3965 1489 4027 sqq.:

647 4099 661 4114 .
706 4100 719 4114 .
768 4100 781 4113 .
823 4048 1159 4134 προϊόντες
1204 4047 1274 4112 δὲ
1334 4046 1442 4111 διὰ
1486 4048 1793 4130 λειμῶνος
1836 4046 2145 4122 εὐανθοῦς
2201 4045 2650 4127 ἐντυγχάνομεν
2690 4054 2827 4119 τοῖς

478 4162 784 4236 φρουροῖς
839 4151 948 4214 καὶ
1020 4151 1419 4236 περιπόλοις,
1482 4150 1544 4214 οἱ
1611 4147 1681 4214 δὲ
1749 4149 2143 4236 δήσαντες
2212 4146 2378 4231 ἡμᾶς
2449 4144 2827 4233 ῥοδίνοις

478 4255 931 4337 στεφάνοις
969 4292 1055 4300 -—
1100 4249 1283 4330 οὗτος
1310 4253 1434 4337 γὰρ
1461 4256 1759 4335 μέγιστος
1786 4251 1944 4337 παρ’
1988 4250 2206 4325 αὐτοῖς
2260 4247 2489 4330 δεσμός
2532 4244 2701 4311 ἐστιν
2744 4284 2824 4296 ·-

477 4352 705 4439 ἀνῆγον
765 4355 855 4431 ὡς
892 4354 1002 4420 τὸν
1044 4355 1334 4440 ἄρχοντα,
1394 4354 1552 4441 παρ’
1602 4352 1688 4419 ὧν
1733 4354 1808 4440 δὴ
1852 4353 2006 4416 καθ’
2064 4350 2212 4417 ὁδὸν
2260 4350 2613 4436 ἠκούσαμεν
2659 4349 2746 4426 ὡς
2787 4348 2824 4432 ἡ
