3475 5118
543 357 649 445 67]
1370 356 1452 411 De
1486 361 1823 412 mortuorum
1857 356 2057 412 iudicio
2784 361 2895 439 ,99

538 534 807 612 praeter
848 526 1217 611 Vergilium
1261 529 1550 594 Aeacum
1597 526 2020 594 retinuerunt
2061 527 2480 596 iudicantem.
2564 528 2913 612 Equidem·

541 632 790 698 nullam
834 649 1100 697 causam
1143 629 1389 697 inveni.

713 753 1031 817 Attamen
1087 750 1265 832 apud
1320 767 1521 815 unum
1584 748 2014 815 christianum
2081 753 2415 817 auctorem
2480 750 2896 831 antiquorum

538 853 843 937 vestigia,
887 857 965 919 ut
999 852 1100 919 ita
1134 851 1363 934 dicam,
1406 852 1576 918 satis
1620 852 1799 918 clare
1836 852 2346 934 conspiciuntur.
2411 852 2732 936 Origenes
2777 860 2899 937 est,

540 956 650 1039 qui
693 956 911 1022 homil.
953 955 1183 1021 Ierem.
1227 953 1394 1027 XVI
1437 954 1550 1038 (ad
1588 954 1817 1021 Ierem.
1850 956 1949 1038 17,
1996 956 2064 1036 13
2110 957 2208 1021 ed.
2250 955 2658 1041 Koetschau)
2702 956 2894 1023 dicit:

715 1057 916 1134 οὕτως
989 1055 1060 1121 δὲ
1125 1054 1257 1137 ἕχει
1318 1055 1398 1120 τὰ
1464 1055 1712 1142 ῥήματα
1775 1054 2076 1142 ’ἁμαρτία
2140 1056 2344 1121 Ἰούδα
2405 1061 2763 1143 γέγραπται
2832 1058 2898 1124 ἐν

536 1163 831 1248 γραφείῳ
892 1159 1151 1247 σιδηρῷ,
1214 1153 1278 1223 ἐν
1336 1157 1514 1240 ὄνυχι
1557 1157 1960 1245 ἀδαμαντίνῳ
1978 1205 1997 1232 ,
2057 1158 2559 1248 ἐγκεκολαμμένη
2617 1159 2731 1226 ἐπί
2783 1171 2898 1226 τοῦ

539 1264 812 1350 στήθους
851 1271 959 1349 τῆς
999 1261 1268 1341 καρδίας
1310 1261 1555 1326 αὕτῶν’·
1633 1260 1993 1347 ἡμάρτομεν
2066 1261 2179 1326 καὶ
2236 1260 2519 1349 ἁμαρτία
2566 1261 2740 1347 ἡμῶν
2784 1263 2898 1329 οὒκ

538 1363 662 1446 ἔξω
720 1364 898 1449 ἡμῶν
952 1369 1328 1451 γέγραπται,
1389 1364 1527 1428 ἀλλ’
1572 1364 1638 1430 ἐν
1691 1375 1768 1450 τῇ
1812 1364 2046 1452 καρδίᾳ
2087 1363 2265 1448 ἡμῶν
2313 1366 2426 1430 καὶ
2467 1368 2785 1454 γράφεται
2831 1366 2899 1432 ἐν

539 1467 777 1556 σιδηρῷ
822 1520 1070 1537 .....
1115 1466 1216 1533 ὅτι
1273 1466 1344 1532 δὲ
1393 1466 1473 1532 τὰ
1518 1465 1937 1555 ἁμαρτήματα
1977 1514 1993 1531 .
2043 1514 2057 1530 .
2107 1515 2121 1530 .
2169 1466 2556 1554 ἐγγράφεται
2598 1468 2691 1546 εἰς
2720 1468 2900 1553 ’ἡμᾶς

538 1571 646 1636 διὰ
688 1581 801 1635 τοῦ
829 1569 1230 1656 ἁμαρτάνειν,
1272 1572 1666 1657 παραστήσει
1694 1571 1848 1635 αὐτὸ
1877 1569 1949 1636 τὸ
1994 1581 2272 1658 πρᾶγμα
2303 1619 2317 1635 .
2355 1621 2369 1637 .
2401 1573 2680 1659 ποιήσας
2708 1571 2900 1658 αὐτὴν
2972 1629 2979 1635 .

538 1675 698 1761 (scil.
740 1673 847 1761 τὴν
889 1673 1228 1761 ἁμαρτίαν)
1287 1671 1415 1755 ἔχω
1469 1674 1627 1738 τύπ
1643 1696 1727 1739 ον
1784 1670 1991 1760 αὐτῆς,
2049 1675 2163 1739 καὶ
2207 1672 2404 1740 οἱονεὶ
2445 1678 2803 1761 γέγραπται
2860 1668 2897 1740 6

534 1779 739 1854 τύπος
793 1774 1035 1865 [αὖῂῆς
1087 1782 1197 1863 τῆς
1253 1775 1569 1864 ἁμαρτίας
1624 1799 1751 1859 μου
1808 1785 1918 1863 τῆς
1971 1775 2410 1865 &ueternum
2466 1776 2532 1843 ἑν
2584 1788 2659 1863 τῇ
2717 1788 2897 1865 ψυχῇ

539 1902 663 1963 μου
709 1931 723 1947 .
770 1926 786 1942 .
836 1926 850 1942 .
894 1877 1029 1944 ἵνα
1073 1876 1295 1943 ἔλθω
1341 1875 1482 1943 ἐπὶ
1523 1877 1606 1944 τὸ
1653 1878 2234 1967 δικαστήριον,
2281 1875 2715 1968 ἐγυμνώθη
2773 1904 2898 1963 μου

534 1982 621 2048 τὸ
682 1985 997 2068 στῆθος
1049 1982 1190 2047 καὶ
1245 1980 1284 2065 ἡ
1337 1982 1642 2069 καρδία
1687 1980 2001 2062 ἔχουσα
2042 1982 2138 2047 τὰ
2179 1986 2623 2069 γράμματα
2673 1982 2897 2067 ἐγγε-

536 2090 966 2171 γραμμένα
1006 2094 1143 2171 τῆς
1186 2082 1629 2171 ἁμαρτίας,
1673 2086 1785 2150 καὶ
1826 2086 2064 2163 πάντες
2110 2085 2650 2169 ἀναγινώσκουσιν
2699 2081 2764 2151 ἐν
2804 2096 2894 2172 τῷ

539 2189 769 2275 στήθει
824 2210 949 2271 μου
1008 2188 1119 2252 καὶ
1177 2183 1242 2253 ἐν
1294 2199 1370 2274 τῇ
1431 2186 1663 2275 καρδίᾳ
1717 2211 1843 2269 μου
1899 2200 2023 2254 τῶν
2081 2187 2547 2276 ἁμαρτημάτων
2590 2189 2899 2257 ..Dicit

538 2291 802 2376 deinde,
860 2295 1203 2374 postquam
1253 2291 1471 2359 omnia
1527 2292 1702 2360 vitia
1758 2294 1953 2374 plane
2013 2311 2336 2375 apparere
2395 2291 2713 2360 asseruit·
2770 2295 2899 2357 τίνι

538 2396 901 2479 φανερώσει
959 2394 1121 2478 (scil.
1179 2391 1216 2458 6
1274 2392 1490 2477 θεός),·
1543 2394 1659 2475 οὐχ
1702 2392 1894 2480 αὖτῷ,
1940 2393 2133 2471 αὐτὸς
2177 2393 2299 2482 γὰρ
2346 2387 2516 2460 οἶδεν
2556 2393 2639 2458 τὰ
2678 2396 2893 2459 πάντα

534 2496 690 2583 πρὶν
727 2499 1028 2580 γενέσεως
1070 2495 1294 2578 αὐτῶν,
1341 2495 1562 2562 ἀλλὰ.
1613 2542 1628 2562 .
1676 2545 1691 2561 .
1736 2508 1903 2564 πᾶσι
1944 2507 2084 2576 τοῖς
2130 2496 2433 2581 μέλλουσι
2473 2496 2742 2582 βλέπειν
2785 2496 2895 2564 διὰ

532 2598 640 2685 τὴν
682 2599 893 2664 αὐτῶν
934 2599 1343 2688 καθαρότητα
1383 2600 1494 2686 τὴν
1535 2599 1850 2687 ἁμαρτίαν
1890 2611 2004 2666 τοῦ
2043 2600 2498 2688 ἡμαρτηκότος.

705 2720 848 2786 Iam
878 2720 1110 2787 nobis
1092 2740 1162 2786 m
1192 2725 1474 2789 mentem
1503 2722 1690 2790 venit
1717 2721 2017 2789 Platonis
2048 2721 2345 2805 GorgiaS‚
2377 2740 2503 2803 quo
2531 2739 2649 2804 pro
2681 2721 2891 2818 inter-5

536 2823 932 2905 pretationis
977 2821 1400 2891 fundamento
1443 2844 1599 2891 usus
1644 2843 1787 2891 esse
1844 2825 2112 2892 videtur
2155 2823 2489 2907 Origenes,
2575 2823 2894 2890 Homines

536 2925 725 3009 enim,
784 2928 1231 3007 postquam
1293 2929 1394 2992 ad
1451 2926 1862 2993 iudicium
1921 2930 2535 3011 pervenerunt,
2586 2924 2895 2992 nudati
3032 2948 3040 2956 ·

537 3046 803 3110 corpore
833 3025 1311 3094 facinorum
1343 3029 2005 3113 convincuntur,
2036 3048 2210 3095 cum
2247 3033 2500 3095 notas
2528 3028 2613 3095 in
2644 3029 2894 3096 corde

535 3132 580 3196 h
595 3132 694 3198 ab
713 3149 749 3196 e
767 3150 866 3197 an
883 3135 916 3197 t
945 3131 1041 3197 im
1056 3150 1099 3213 p
1116 3150 1152 3196 r
1168 3150 1250 3198 es
1266 3150 1297 3197 s
1318 3151 1358 3196 a
1375 3150 1438 3216 S,
1476 3151 1557 3198 ex
1588 3132 1825 3213 quibus
1855 3132 2055 3200 etiam
2084 3131 2381 3199 Platonis
2408 3131 2677 3214 iudices,
2723 3148 2893 3213 quae

535 3233 786 3300 scelera
845 3233 918 3300 in
975 3253 1049 3301 se
1107 3233 1527 3301 admisissent
1581 3235 1903 3319 viventeS,
1962 3236 2460 3318 cognoscebant.
2560 3233 2693 3301 Sed
2737 3234 2889 3299 dum

535 3336 745 3402 Deum
789 3336 1007 3403 omnia
1050 3337 1222 3403 scire
1265 3336 1557 3403 affirmat
1599 3337 1920 3421 Origenes
1964 3336 2036 3403 in
2079 3336 2402 3403 rationem
2447 3335 2889 3403 Christianam

537 3438 867 3507 convertit
911 3439 1245 3522 opiniones
1296 3440 1620 3522 Platonis;
1666 3439 1967 3522 quamvis
2011 3439 2182 3506 enim
2226 3440 2407 3505 Deus
2449 3439 2595 3522 ipse
2637 3438 2892 3504 animas

536 3559 664 3606 non
708 3543 1202 3626 contempletur,
1244 3541 1439 3609 iustis
1481 3547 1704 3609 tamen
1749 3542 2170 3608 adstantibus
2213 3540 2407 3624 signa
2443 3541 2758 3607 ostendit.

706 3713 1143 3779 Transeamus
1184 3713 1318 3780 iam
1347 3716 1435 3780 ad
1476 3713 1730 3779 Pauli
1783 3712 2351 3796 apocalypsin
2393 3730 2560 3794 quae
2604 3716 2896 3779 vocatur.

534 3814 722 3897 Quae
780 3814 877 3881 ibi
935 3816 1250 3898 leguntur
1305 3815 1459 3882 inde
1515 3834 1557 3882 a
1614 3836 1673 3898 p.
1717 3818 1804 3881 44
1863 3815 1972 3902 (ed
2015 3815 2386 3901 Tischend.)
2444 3815 2595 3896 ipsa
2640 3832 2895 3896 quoque

533 3921 832 3984 veterum
906 3918 1276 3988 sententias
1334 3918 1753 4000 aliquatenus
1810 3917 2112 4000 sapiunt:
2178 3915 2367 4002 αὐτῆς
2438 3914 2510 3980 δὲ
2566 3916 2729 4003 (scil.
2785 3923 2894 4000 τῆς

535 4022 768 4104 ψυχῆς)
813 4014 1198 4106 ἐξελθούσης
1239 4019 1308 4084 ἐκ
1347 4030 1462 4083 τοῦ
1490 4023 1902 4104 σκηνώματος
1927 4022 2307 4106 προέτρεχεν
2351 4018 2505 4104 αὐτῇ
2536 4017 2571 4082 6
2610 4018 2890 4105 συνήθης

535 4119 798 4205 ἄγγελος
840 4122 1048 4208 αὐτῆς,
1093 4122 1297 4206 λέγων
1337 4124 1503 4208 πρὸς
1545 4122 1767 4209 αὐτὴν·
1816 4174 1830 4188 .
1880 4169 1895 4185 .
1942 4171 1960 4187 .
2008 4121 2158 4205 (ἐγώ
2203 4121 2336 4205 εἰμι
2380 4120 2415 4186 6
2457 4117 2616 4186 καθ’
2657 4120 2893 4208 ἡμέραν

536 4221 1078 4310 ἀπογραφόμενος
1120 4222 1234 4300 τὰς
1276 4223 1596 4309 ἁμαρτίας
1639 4225 1779 4291 oov'
1822 4272 1837 4289 .
1871 4269 1886 4288 .
1920 4270 1936 4287 .
1969 4277 1985 4292 .
2029 4225 2140 4289 καὶ
2182 4276 2198 4292 .
2236 4270 2252 4286 .
2300 4223 2457 4308 ἄλλη
2498 4223 2674 4309 ψυχὴ
2715 4222 2896 4309 ἤγετο

533 4322 662 4388 ὑπὸ
721 4324 986 4410 ἀγγέλου
1034 4372 1048 4390 .
1098 4373 1112 4389 .
1158 4379 1175 4394 .
1232 4327 1344 4392 καὶ
1404 4320 1603 4411 ἦλθεν
1666 4327 1848 4414 φωνὴ
1910 4324 2077 4414 πρὸς
2135 4325 2325 4412 αὐτὴν
2386 4327 2660 4462 λέγουκσα
2720 4372 2734 4388 .
2798 4370 2812 4386 .
2882 4370 2896 4387 .

2519 4427 2551 4480 7
