3475 5118
1239 1520 1902 1632 EXCVRSVS

559 1822 746 1906 Quod
789 1840 991 1904 supra
1035 1842 1099 1904 p.
1131 1822 1215 1888 68
1261 1839 1363 1888 me
1409 1823 1489 1887 de
1530 1820 1862 1888 hominum
1904 1822 2196 1903 peccatis
2239 1811 2628 1906 perscriptis
2670 1821 2741 1890 in

389 1924 711 1993 codicillis
740 1925 851 1993 vel
867 1966 876 1975 ·
895 1925 1031 1991 alia
1074 1924 1192 1993 via
1234 1926 1319 1991 ad
1348 1924 1572 1993 Iovem
1600 1922 1834 1991 relatis
1881 1929 2182 1992 acturum
2226 1944 2367 1992 esse
2410 1926 2741 2007 pollicitus

388 2047 588 2112 eram,
609 2027 744 2094 iam
765 2027 1213 2111 praestiturus
1233 2046 1391 2094 sum.
1428 2028 1649 2110 Atque
1673 2027 1975 2109 quamvis
1995 2028 2204 2094 maior
2224 2028 2743 2095 testimoniorum

387 2149 696 2199 numerus
742 2149 783 2197 a
823 2130 993 2198 viris
1039 2131 1252 2197 doctis
1298 2134 1476 2197 esset
1518 2130 1652 2196 iam
1680 2135 1823 2195 tum
1867 2130 2253 2216 collectuS‚¹)
2297 2149 2441 2197 cum
2486 2131 2629 2213 ipse
2672 2130 2742 2197 in

386 2233 560 2300 hanc
615 2253 754 2301 rem
824 2234 1159 2315 inquirere
1219 2233 1710 2317 constituerem,
1770 2237 1991 2299 tamen
2036 2252 2166 2300 non
2225 2233 2560 2317 ingratum
2604 2234 2742 2302 fore

388 2336 642 2420 putavi,
686 2337 746 2403 si
791 2355 886 2422 ea,
947 2355 1115 2418 quae
1177 2337 1390 2403 adhuc
1450 2337 1578 2402 huc
1620 2336 1780 2402 illuc
1825 2336 2120 2419 dispersa
2164 2335 2573 2420 legerentur,
2637 2336 2742 2404 his

388 2439 722 2507 schedulis
744 2438 816 2506 in
839 2444 1090 2506 certum
1114 2440 1406 2506 ordinem
1428 2443 1628 2521 atque
1659 2443 2036 2506 contextum
2056 2442 2327 2506 redacta
2348 2458 2742 2507 enarrarem.

558 2561 919 2628 Hesiodi
963 2581 1062 2642 op.
1104 2582 1168 2630 v.
1212 2561 1339 2628 258
1383 2579 1550 2644 sqq.:

722 2679 831 2744 ιἰαὶ
873 2677 934 2765 ῤ’
982 2679 1169 2745 ὁπότ’
1206 2679 1285 2745 ἄν
1324 2682 1423 2757 τίς
1462 2703 1574 2764 μιν
1613 2680 1870 2765 βλάπτῃ
1910 2679 2181 2756 σκολιῶς
2221 2678 2537 2761 ὀνοτάζων

727 2781 954 2846 αὐτίκα
997 2783 1137 2868 πὰρ
1181 2783 1293 2847 Διὶ
1335 2783 1536 2868 πατρὶ
1577 2782 1975 2868 καθεζομένη
2016 2785 2331 2868 Κρονίωνι

723 2885 968 2972 γηρύετ’
1013 2885 1384 2970 ἀνθρώπων
1427 2883 1651 2950 ἄδικον
1692 2885 1858 2958 νόον,
1902 2885 2053 2971 ὄφρ’
2069 2883 2370 2969 ἀποτίσῃ.

561 3004 623 3070 D
641 3004 666 3071 i
682 3025 718 3072 c
735 3025 771 3072 e
801 3005 886 3090 (v.
917 3004 1070 3090 256)
1099 3005 1261 3089 Iovi,
1305 3023 1476 3087 quae
1519 3005 1772 3072 scelera
1801 3005 2093 3072 homines
2122 3005 2193 3071 in
2222 3024 2294 3072 se
2340 3002 2744 3085 admiserint,

390 3107 616 3175 ‘verbis
660 3106 985 3175 enuntiat.
995 3108 1048 3193 2)

561 3227 976 3310 Aeschyli
1020 3227 1292 3295 Eumen.
1337 3228 1495 3294 271:

723 3327 985 3415 (Ἅιδης)
1031 3328 1445 3415 δελτογράφῳ
1479 3374 1495 3391 .
1544 3374 1560 3391 .
1604 3325 1795 3393 πάντ’
1840 3327 2083 3414 ἐπωπᾷ
2127 3332 2333 3414 φρενί.

559 3447 849 3533 Eurip.
892 3450 1138 3516 Melan.
1172 3448 1300 3533 frg.
1342 3449 1470 3516 506
1499 3448 1583 3532 (N
1604 3448 1685 3534 ²):

727 3566 973 3633 δοκεῖτε
1014 3567 1232 3655 πηδᾶν
1272 3567 1331 3631 τ’
1345 3565 1678 3655 ἀδικήματ’
1722 3563 1817 3644 εἰς
1859 3567 2058 3645 θεοὺς

727 3683 1043 3757 πτεροῖσι,
1091 3667 1346 3736 κᾶπειτ’
1391 3665 1455 3735 ἐν
1497 3669 1657 3747 Διὸς
1700 3666 1923 3735 δέλτου
1964 3680 2240 3751 πτυχαῖς

723 3775 1000 3860 γράφειν
1039 3773 1158 3838 τιν’
1199 3772 1389 3857 αὖτά;

532 3943 576 4015 ¹)
608 3942 675 3998 F.
706 3945 880 4013 Marx,
915 3944 1035 3999 Ind.
1070 3944 1196 4000 lect.
1234 3944 1440 4012 Gryph.
1476 3943 1698 4011 1892193
1731 3960 1786 4012 p.
1820 3943 1903 3999 VI
1936 3959 2016 4012 sq.

608 4030 673 4085 A.
708 4029 1005 4094 Dieterich,
1040 4030 1177 4085 Nek.
1212 4046 1266 4099 p.
1303 4029 1404 4084 126
1440 4029 1623 4084 adnot.
1660 4030 1709 4083 1.

607 4115 671 4170 Ε.
707 4114 940 4185 Norden,
976 4115 1240 4171 Fleckeis.
1278 4131 1402 4169 ann.
1439 4114 1546 4169 vol.
1582 4114 1760 4183 suppl.
1796 4114 1948 4183 XIX,
1985 4129 2037 4183 p.
2077 4112 2194 4167 381.

607 4200 672 4256 G.
707 4200 919 4271 Kaibel,
959 4202 1193 4257 Hermae
1227 4200 1332 4256 vol.
1369 4200 1572 4270 XXIX,
1608 4217 1661 4269 p.
1697 4200 1782 4268 84,
1820 4198 1868 4254 1.

607 4285 673 4341 E.
708 4286 903 4356 Haase,
939 4285 1184 4355 Orpheus
1218 4302 1270 4356 p.
1306 4286 1409 4340 258
1421 4302 1536 4355 sqq.

564 4370 608 4441 ²)
647 4371 785 4427 Vide
817 4372 1094 4427 Demosth.
1118 4372 1177 4427 in
1200 4372 1441 4441 Aristog.
1465 4372 1493 4426 I
1519 4374 1550 4440 ἕ
1575 4371 1640 4426 11
1667 4376 1724 4426 et
1742 4372 1925 4439 hymn.
1951 4371 2099 4439 orph.
2127 4367 2284 4422 LXII
2305 4365 2512 4438 (Δίκης)
2537 4381 2590 4421 v.
2616 4367 2743 4435 Zeq.
