3475 5118
488 363 593 452 17]
1329 363 1412 418 De
1449 370 1783 418 mortuorum
1818 363 2017 418 iudicio
2762 367 2847 431 49

489 536 769 601 alterum
838 533 1088 600 iudices
1154 533 1494 600 institutos
1561 552 1704 600 esse
1749 552 2094 600 sumamus.
2183 534 2410 616 Neque
2454 540 2677 603 tamen
2722 556 2846 617 quo

488 636 851 722 tempore1)
882 642 999 703 aut
1029 655 1300 717 quorum
1332 635 1732 702 auctoritate
1755 636 1804 720 2)
1835 637 1902 701 id
1926 636 2175 702 factum
2201 637 2308 719 sit,
2343 641 2640 705 statuere
2670 638 2846 705 licet.

660 774 789 840 Sed
848 774 982 839 iam
1029 793 1070 838 a
1113 773 1555 856 Pythagoreis
1604 774 1691 838 ad
1755 772 2069 854 Orphicos
2113 778 2549 857 transeamuS,
2609 768 2846 856 quibus

487 876 844 943 inferorum
874 875 1185 941 iudicium
1217 894 1348 942 non
1378 875 1673 958 ignotum
1706 874 1912 941 fuisse
1944 893 2026 940 ex
2050 876 2365 957 amphora
2398 876 2531 960 illa,
2563 877 2845 943 Canosa-

489 979 854 1045 Muenchen
915 979 1040 1045 849
1101 997 1268 1060 quae
1330 981 1621 1060 vocatur,
1683 977 1914 1043 licebit
1974 978 2373 1044 concludere.
2464 982 2563 1045 Ac
2609 998 2848 1061 sequor

488 1082 1122 1164 Furtwaenglerum,
1166 1081 1280 1160 qui
1315 1081 1650 1161 proximus
1684 1081 1824 1163 egit
1867 1079 2382 1146 luculentissime
2429 1083 2510 1147 de
2556 1080 2847 1165 imagine

489 1184 625 1250 illic
672 1185 932 1266 depicta
962 1184 1061 1268 (F.
1093 1187 1163 1249 et
1192 1183 1573 1266 Reichhold,
1622 1182 1921 1265 „Griech
1952 1183 2486 1249 Vasenmalerei“
2536 1184 2607 1249 in
2651 1188 2847 1250 textu

491 1287 719 1353 addito
748 1306 810 1367 p.
841 1285 1027 1371 47).⁸)
1100 1286 1407 1352 Videmus
1439 1285 1612 1351 enim
1652 1285 1867 1351 media
1910 1284 1977 1350 in
2020 1286 2335 1367 amphora
2379 1287 2501 1352 sub
2548 1286 2846 1352 aedicula

493 1389 732 1456 Ionicis
775 1390 1108 1455 instructa
1151 1388 1466 1454 columnis
1511 1388 1857 1454 Plutonem
1901 1388 2117 1470 ipsum
2160 1388 2229 1453 in
2288 1389 2453 1454 sella
2512 1390 2848 1454 sedentem

493 1495 563 1558 et
592 1511 738 1558 cum
767 1492 1163 1573 Proserpina
1202 1491 1694 1573 colloquentem,
1742 1509 1908 1571 quae
1940 1490 2207 1557 abitura
2249 1490 2519 1558 videtur
2563 1495 2631 1557 et
2669 1494 2847 1557 retro

494 1596 579 1660 ad
624 1593 962 1677 coniugem
1011 1593 1222 1659 flectit
1267 1594 1604 1659 cervicem.
1692 1593 1775 1657 In
1819 1594 2058 1659 dextra
2101 1597 2297 1674 parte
2348 1593 2650 1659 collocati
2694 1597 2851 1658 sunt

492 1696 624 1763 viri
686 1699 844 1778 treS,
903 1714 1064 1777 quos
1122 1700 1520 1761 mortuorum
1568 1713 1709 1761 esse
1754 1695 2003 1761 iudices
2048 1699 2307 1762 constat
2349 1695 2502 1761 aliis
2544 1714 2849 1763 vasorum

494 1798 894 1880 imaginibus
942 1797 1341 1880 comparatis
1386 1799 1585 1880 (apud
1616 1798 2033 1863 Winklerum
2076 1798 2118 1862 l.
2164 1798 2270 1881 s.);
2317 1796 2477 1863 alibi
2524 1798 2695 1864 enim
2737 1816 2849 1863 no-

494 1900 671 1966 mina
734 1901 1073 1982 adscripta
1131 1905 1301 1984 sunt,
1361 1919 1528 1981 quae
1586 1899 1692 1965 hic
1751 1900 2010 1982 quidem
2056 1899 2530 1966 desideramus:
2587 1899 2848 1966 Aeacus

497 2003 940 2084 Triptolemus
969 2003 1533 2069 Rhadamanthus
1555 2003 1605 2086 ⁴)
1672 2005 1734 2067 A
1759 2002 2029 2068 sinistra
2061 2002 2249 2083 quasi
2273 2002 2528 2068 saltans
2554 2001 2849 2083 Orpheus

673 2208 712 2275 ¹)
747 2208 951 2262 Dubito
988 2224 1059 2261 an
1094 2213 1240 2262 recte
1278 2207 1566 2262 coniecerit
1601 2207 1724 2260 Chr.
1753 2207 1817 2260 G.
1855 2206 2048 2273 Heyn
2067 2221 2097 2259 e
2132 2205 2190 2259 in
2228 2221 2457 2260 excursu
2493 2206 2563 2260 ad
2598 2207 2732 2260 Aen.
2769 2207 2851 2260 VI

496 2311 547 2361 p.
585 2293 751 2346 1024:
790 2292 994 2347 ‘fabula
1017 2293 1149 2346 adeo
1184 2293 1250 2347 de
1286 2293 1448 2347 trinis
1482 2292 1753 2346 iudicibus
1787 2292 2081 2345 inferorum
2116 2297 2240 2359 post
2273 2291 2581 2358 Homerum,
2616 2291 2758 2346 forte
2793 2298 2852 2347 et

496 2382 622 2445 post
644 2378 943 2432 Pindarum
966 2377 1194 2433 inventa
1211 2384 1322 2445 est3
1359 2393 1420 2431 eo
1445 2392 1578 2432 aevo
1604 2377 1883 2445 adoptata,
1920 2392 2043 2430 cum
2061 2391 2220 2446 reges
2252 2392 2360 2431 non
2384 2376 2618 2444 amplius
2635 2376 2743 2445 ipsi
2763 2376 2851 2432 ius

498 2463 757 2531 dicerent,
794 2463 889 2517 sed
923 2463 1118 2517 darent
1152 2463 1373 2531 iudices,
1412 2468 1511 2516 aut
1545 2478 1662 2516 cum
1701 2462 1761 2516 in
1797 2461 2117 2516 civitatibus
2142 2461 2404 2516 Graeciae
2436 2461 2640 2516 iudices
2664 2462 2853 2517 selecti

496 2549 958 2604 constituerentur
995 2593 1005 2604 .
1048 2592 1059 2603 .
1096 2547 1308 2604 Aeacus
1345 2565 1472 2604 vero
1508 2548 1736 2603 ultimus
1772 2547 2002 2603 accessit
2046 2547 2189 2603 forte
2238 2547 2307 2602 ab
2342 2547 2624 2602 Homerico
2671 2547 2851 2617 aliquo

496 2641 661 2703 poeta
697 2641 1017 2704 surrogatus
1054 2635 1112 2689 in
1147 2635 1377 2689 Achillis
1412 2636 1683 2702 honorem,
1719 2634 1875 2688 cuius
1912 2650 2051 2689 avus
2087 2639 2206 2688 erat
2242 2633 2486 2688 Aeacus'.

670 2720 714 2788 2)
752 2719 1087 2787 Quamquam
1105 2720 1327 2774 videtur
1345 2720 1683 2787 Atticorum3
1719 2720 1847 2773 vide
1881 2720 2057 2772 locum
2080 2734 2110 2772 e
2128 2718 2449 2774 Dieterichii
2482 2718 2621 2774 libro
2641 2718 2711 2787 (p.
2731 2718 2852 2788 118)

497 2821 661 2874 supra
695 2822 748 2873 p.
783 2805 851 2857 47
891 2805 1011 2859 adn.
1049 2806 1082 2857 2
1118 2804 1464 2872 exscriptum.

672 2891 714 2960 3)
774 2891 931 2944 Hanc
989 2890 1300 2959 amphoram
1357 2904 1487 2958 prae
1541 2889 1766 2956 reliquis
1824 2888 2078 2943 adhibere
2138 2889 2309 2943 malui
2363 2889 2648 2944 laudatam
2706 2889 2851 2957 apud

496 2976 704 3031 Wink
719 2976 739 3029 l
752 2991 871 3030 eru
884 2992 965 3042 m,
1002 2975 1104 3029 Die
1138 2975 1567 3044 Darstellungen
1604 2975 1653 3028 d.
1689 2974 2003 3030 Unterwelt
2038 2974 2135 3028 auf
2167 2972 2618 3029 unteritalischen
2653 2974 2849 3044 Vasen,

500 3061 699 3116 Comm.
724 3061 920 3115 Philol.
946 3060 1244 3116 Vratislav.
1282 3061 1384 3129 111,
1409 3061 1443 3113 5
1479 3059 1629 3129 1888,
1667 3061 1809 3127 quod
1834 3065 1893 3115 et
1915 3059 2269 3114 clarissimam
2293 3060 2522 3127 praebet
2554 3059 2851 3129 imaginem

497 3147 555 3201 in
599 3147 836 3201 editione
872 3163 905 3200 a
940 3146 1388 3214 Furtwaenglero
1424 3151 1481 3200 et
1514 3145 1863 3200 Reichholdio
1899 3150 2093 3200 curata
2128 3144 2258 3214 (tab.
2284 3145 2372 3214 X),
2410 3151 2471 3199 et
2503 3145 2646 3214 quod
2681 3146 2748 3199 de
2784 3161 2850 3200 ea

500 3233 699 3301 optime
742 3239 910 3299 atque
945 3231 1363 3300 diligentissime
1387 3231 1564 3285 adhuc
1598 3231 1955 3286 dissertatum
1979 3235 2065 3286 est
2088 3247 2122 3284 a
2146 3231 2597 3301 Furtwaenglero
2634 3231 2851 3284 archae-

499 3319 656 3387 ologo
678 3318 772 3370 illo
795 3316 1139 3386 peritissime,
1175 3317 1270 3385 qui
1294 3317 1461 3371 etiam
1486 3317 1650 3371 libros
1676 3316 1923 3384 contulit,
1958 3321 2025 3371 ut
2048 3317 2118 3371 ad
2142 3317 2516 3384 explicandam
2540 3315 2854 3384 perveniret

500 3418 620 3456 eam
653 3403 980 3470 amphoram.
1047 3402 1149 3457 Sed
1172 3403 1399 3472 longum
1425 3408 1510 3457 est
1544 3402 1726 3457 omnia
1749 3407 2010 3471 repetere.
2081 3401 2376 3469 Postquam
2412 3417 2540 3456 vero
2574 3417 2689 3455 arc
2703 3401 2852 3455 hae·

501 3487 563 3542 ol
582 3503 752 3557 ogus
812 3504 1024 3556 quoque
1085 3488 1309 3564 eandem
1373 3487 1773 3556 interpretandi
1830 3487 1977 3541 viam
2033 3486 2313 3555 ingressus
2372 3490 2483 3554 est,
2532 3501 2695 3555 quam
2740 3485 2852 3540 iam

500 3574 564 3628 Ε.
600 3573 843 3627 Kuhne
865 3578 932 3627 rt
985 3573 1280 3642 (Jahrbuch
1326 3573 1377 3626 d.
1414 3573 1661 3627 Archliol.
1710 3573 1845 3627 Inst.
1889 3572 2043 3640 VIII,
2081 3571 2216 3625 1893
2254 3587 2308 3639 p.
2348 3571 2471 3635 404)
2514 3576 2572 3625 et
2611 3571 2853 3626 Dicte-

500 3659 602 3713 ric
618 3659 775 3713 hius
812 3658 1044 3728 (Nekyia
1066 3676 1118 3727 p.
1150 3658 1248 3712 128
1271 3659 1408 3727 sqq.)
1442 3663 1828 3725 monstravere,
1864 3672 1973 3712 non
2006 3656 2192 3724 habeo,
2230 3657 2372 3725 quod
2406 3672 2512 3711 non
2548 3657 2618 3711 ad
2642 3672 2731 3711 eos
2766 3672 2852 3710 me

500 3745 785 3800 conferam.
856 3744 1099 3798 Rohdius
1121 3744 1180 3798 in
1204 3744 1552 3798 adnotatione
1574 3760 1625 3811 p.
1650 3743 1752 3797 311
1779 3744 1846 3797 de
1869 3743 1971 3796 hac
1994 3743 2255 3811 amphora
2276 3742 2415 3797 nihil
2450 3742 2608 3796 dixit.

670 3830 714 3898 ⁴)
751 3829 957 3883 Eadem
980 3830 1199 3883 nomina
1221 3829 1642 3898 Furtwaengler
1666 3830 1956 3897 amphorae
1972 3835 2192 3883 nostrae
2216 3828 2488 3896 vindicat3
2524 3828 2599 3883 W
2616 3826 2851 3881 inkler

500 3930 630 3969 vero
665 3931 698 3969 a
734 3915 958 3969 sinistra
992 3914 1256 3983 incipiens
1293 3916 1349 3984 (l.
1384 3931 1424 3969 s.
1460 3931 1512 3982 p.
1549 3914 1603 3983 9)
1640 3914 1834 3968 Minois
1871 3913 2046 3969 Aeaci
2079 3913 2485 3968 Rhadamanthi
2519 3912 2737 3967 nomina
2770 3912 2853 3965 iu-

501 3999 707 4054 dicibus
727 3999 999 4068 attribuit,
1019 4015 1141 4053 cum
1165 4001 1380 4054 heroem
1403 3999 1729 4054 Asianorum
1755 4015 1900 4055 more
1932 3999 2194 4054 vestitum
2215 3999 2445 4054 Minoem
2481 4014 2598 4053 esse
2633 4001 2854 4066 propter

502 4085 746 4140 Platonis
765 4084 1178 4153 descriptionem
1198 4085 1380 4155 (Gorg.
1402 4085 1524 4155 523)
1555 4091 1862 4154 exponeret.
1923 4087 2126 4140 Contra
2143 4084 2561 4153 Furtwaengler
2579 4081 2855 4137 Winkleri

501 4171 671 4225 Minoi
705 4171 874 4225 Aeaci
907 4186 1102 4225 nomen
1136 4170 1316 4225 dedit:
1368 4188 1496 4226 nam
1531 4171 1876 4240 vestimenta,
1913 4171 1979 4225 de
2014 4170 2211 4239 quibus
2246 4170 2449 4239 agitur,
2488 4168 2700 4222 omnino
2737 4182 2853 4221 esse

502 4256 724 4325 regibus
759 4256 977 4325 propria
1011 4272 1078 4310 ex
1101 4256 1222 4325 ipsa
1244 4257 1485 4326 imagine
1520 4272 1796 4326 apparere,
1834 4258 1977 4324 quod
2000 4263 2058 4311 et
2080 4256 2243 4311 Pluto
2268 4262 2327 4310 et
2351 4253 2616 4309 Tantalus
2651 4252 2852 4306 eisdem

504 4348 685 4396 essent
718 4342 914 4395 induti.
963 4341 1237 4396 Winkleri
1255 4342 1491 4396 Aeacum
1529 4348 1712 4398 autem
1730 4342 2122 4410 Triptolemum
2158 4357 2274 4396 esse
2309 4341 2434 4396 vult
2468 4354 2633 4393 causa
2667 4336 2854 4404 aliqua

605 4442 1241 4497 Religionsgeschichtliche
1266 4443 1507 4488 Versuche
1532 4454 1580 4487 u.
1608 4442 1927 4487 Vorarbeiten
1955 4442 2014 4486 II.
2513 4423 2547 4476 4
