3475 5118
508 420 618 511 65]
1094 452 1099 457 -
1339 421 1422 477 De
1457 426 1793 501 mortuorum
1827 422 2027 480 iudicio
2781 429 2865 517 97
2961 470 2964 473 .

676 592 758 660 In
801 593 1014 660 altera
1059 612 1216 661 vero
1257 591 1551 676 imagine
1594 612 1790 660 arcae
1831 593 2225 662 Rhodiensis
2269 594 2629 664 inferorum
2670 599 2865 683 regni

507 714 662 777 pars
707 700 811 762 est
853 694 1137 780 depicta,
1175 701 1251 761 ut
1295 714 1639 776 quamnam
1683 701 1927 764 sortem
1968 701 2205 765 nactus
2248 699 2341 766 sit
2382 700 2706 784 magister
2747 702 2865 769 ille

507 797 963 865 ornatissimus
993 817 1470 883 cognoscamus.
1540 799 1639 865 Ac
1667 799 1932 881 plurimi
1960 805 2191 868 nostra
2218 802 2503 871 interest
2530 823 2865 890 quaerere,

507 901 665 985 quid
707 901 1038 984 significet
1064 900 1299 968 mulier
1328 903 1650 983 quaedam
1679 901 1900 984 pinnis
1929 902 2283 985 papilionis
2310 906 2657 992 instructa,
2694 926 2864 990 quae

507 1007 837 1088 sceptrum
894 1008 1166 1088 gestans
1210 1008 1367 1070 ant-e
1408 1004 1790 1088 voraginem
1844 1006 2166 1074 collocata
2217 1013 2337 1094 est,
2396 1007 2467 1075 in
2511 1029 2707 1092 quam
2749 1011 2865 1079 ho.-

504 1107 742 1174 minem
817 1110 1002 1175 modo
1075 1126 1222 1175 sese
1283 1108 1770 1191 demergentem
1825 1107 2142 1177 videmus.
2231 1111 2444 1196 Quam
2507 1112 2864 1198 imaginem

505 1211 603 1277 ita
647 1215 801 1277 sunt
844 1209 1273 1291 interpretati
1334 1209 1634 1295 editoreS,
1701 1215 1778 1276 ut
1821 1211 2277 1280 defunctorum
2323 1214 2463 1281 illic
2503 1215 2651 1282 fleri
2691 1213 2864 1283 iudi-

506 1313 676 1380 cium
757 1315 1258 1396 contenderent3
1338 1332 1493 1379 nam
1571 1313 1891 1398 voragine
1975 1319 2331 1383 secundum
2405 1317 2713 1385 Platonis
2792 1318 2865 1386 in

502 1414 867 1499 Republica
910 1415 1413 1499 descriptionem
1453 1413 1638 1483 facta
1697 1417 2030 1484 admoneri
2093 1438 2221 1504 eos,
2291 1420 2405 1502 qui
2465 1426 2865 1509 spectarent,

507 1523 577 1585 et
603 1517 914 1585 feminam
943 1518 1126 1586 illam
1153 1518 1215 1585 N
1229 1537 1266 1587 e
1281 1537 1393 1585 me
1412 1519 1541 1586 sin
1572 1538 1731 1604 esse,
1763 1539 1932 1601 quae
1961 1521 2260 1588 Platonis
2284 1512 2572 1590 iudicum
2600 1527 2866 1591 teneret

502 1620 714 1687 locum
772 1625 841 1686 et
901 1622 982 1687 de
1039 1620 1275 1688 animis
1331 1621 1466 1688 iam
1523 1620 1735 1688 ferret
1792 1624 2209 1690 sententiam.
2310 1624 2538 1708 Neque
2599 1625 2867 1710 singula

504 1728 817 1808 repetam,
883 1722 1118 1806 quibus
1177 1724 1276 1790 illi
1332 1743 1407 1792 re
1463 1744 1629 1792 vera
1684 1725 1997 1792 Nemesin
2063 1726 2160 1794 ibi
2216 1727 2541 1810 scalptam
2600 1734 2866 1796 exstare

505 1825 746 1906 optime
788 1828 1434 1913 demonstraverunt3
1492 1828 1761 1895 maioris
1805 1833 1909 1895 est
1952 1830 2278 1914 momenti,
2340 1832 2512 1912 quod
2556 1831 2862 1899 iustitiae

504 1929 627 1995 dea
682 1928 828 2010 ipsa
888 1949 1139 2012 quoque
1194 1929 1531 1997 iudicandi
1587 1950 1855 2000 munere
1915 1937 2149 1999 ornata
2205 1938 2327 2000 est.
2429 1934 2653 2016 Atque
2708 1953 2866 2002 arca

502 2030 654 2115 ipsa
734 2050 878 2098 cum
952 2033 1225 2101 ineunte
1287 2032 1430 2100 fere
1494 2033 1755 2101 saeculo
1818 2036 2104 2101 seeundo
2169 2034 2261 2102 sit
2327 2035 2659 2120 confecta,
2726 2036 2861 2105 illis

501 2134 903 2217 temporibus
980 2154 1108 2202 non
1187 2136 1476 2203 alienum
1552 2135 1760 2205 fuisse
1839 2158 1882 2204 a
1961 2138 2358 2207 Graecorum
2395 2148 2404 2155 “
2444 2138 2861 2221 opinionibus

501 2236 979 2318 suspicabimur
994 2288 1011 2322 ,
1067 2238 1331 2305 Nemesi
1388 2243 1648 2306 tantam
1691 2240 2153 2308 auctoritatem
2211 2241 2596 2326 attribuere,
2653 2247 2732 2308 ut
2775 2243 2859 2309 de

500 2340 775 2406 mortuis
830 2339 1129 2416 iudicare
1177 2341 1533 2408 diceretur.
1622 2342 1809 2427 Quod
1868 2362 1943 2410 eo
1987 2342 2239 2409 factum
2282 2362 2427 2410 esse
2456 2344 2860 2429 putaverim,

504 2445 674 2523 quod
696 2444 870 2524 apud
897 2444 1238 2510 Platonem
1269 2444 1571 2529 (Phaedr.
1594 2445 1799 2530 2480)
1825 2445 2186 2512 animarum
2217 2448 2520 2530 explorat
2548 2451 2858 2514 naturam

502 2550 573 2613 et
632 2545 745 2631 eiS,
803 2546 860 2612 si
903 2546 974 2613 in
1017 2545 1229 2629 prima
1285 2547 1429 2616 vita
1490 2548 1830 2631 aliquid
1887 2549 2321 2618 veritatis
2367 2554 2857 2635 conspexerunt,

499 2649 848 2733 permittit,
906 2654 982 2715 ut
1038 2653 1228 2734 μέχρι
1281 2658 1390 2735 τῆς
1447 2648 1664 2733 ἑτέρας
1717 2650 2025 2737 περιόδου
2082 2671 2114 2719 s
2138 2653 2227 2718 in
2249 2672 2286 2719 e
2345 2654 2388 2718 d
2408 2672 2445 2719 o
2468 2654 2550 2719 lo
2568 2674 2604 2718 r
2630 2672 2667 2720 e
2709 2672 2857 2720 ver·

500 2755 744 2817 sentur.
766 2752 818 2836 ¹)
905 2752 1094 2837 Quod
1136 2771 1369 2819 munus
1411 2752 1720 2821 iudiciale
1764 2755 2085 2836 quoddam
2141 2773 2287 2821 esse
2328 2773 2516 2821 nemo
2558 2754 2860 2838 negabit.

499 2854 746 2921 Postea
800 2873 959 2923 vero
1018 2854 1088 2920 in
1130 2854 1302 2921 libro
1348 2855 1602 2922 Timaei
1645 2856 1993 2923 Locrensis
2038 2856 2152 2938 qui
2195 2855 2413 2924 fertur
2440 2856 2595 2943 περὶ
2635 2866 2858 2941 ψυχᾶς

501 2955 744 3038 κόσμου
789 2962 859 3023 et
900 2957 1185 3038 scriptus
1230 2957 1495 3024 videtur
1540 2963 1699 3024 ante
1743 2977 1911 3026 saec.
1955 2980 2017 3041 p.
2054 2959 2201 3025 Chr.
2245 2979 2307 3026 n.
2335 2959 2407 3025 H
2428 2961 2495 3043 ²),
2538 2980 2599 3044 p.
2655 2960 2857 3027 104E

502 3065 570 3126 et
600 3060 725 3126 105
768 3059 1079 3143 legimus:
1125 3058 1379 3124 ἅπαντα
1423 3059 1492 3125 δὲ
1533 3071 1732 3124 ταῦτα
1775 3059 1841 3125 ἐν
1870 3060 2131 3146 δευτέρᾳ
2177 3061 2468 3147 περιόδῳ
2508 3060 2553 3126 ἆ
2578 3067 2859 3144 Νέμεσις

500 3160 883 3247 συνδιέκρινε
938 3162 1049 3225 σὺν
1092 3161 1356 3244 δαίμοσι
1405 3162 1842 3245 παλαμναίοις
1883 3166 2176 3244 χθονίοις
2215 3187 2303 3238 τε,
2360 3174 2493 3240 τοῖς
2536 3162 2858 3242 ἐπόπταις

498 3276 621 3328 τῶν
649 3263 1032 3349 ἀνθρώπων.
1090 3264 1220 3333 Sed
1250 3266 1401 3332 aliis
1431 3266 1631 3333 etiam
1675 3266 1853 3351 locis,
1898 3266 2012 3349 qui
2042 3287 2262 3335 omnes
2292 3267 2672 3350 posterioris
2701 3271 2858 3336 sunt

493 3368 668 3451 aevi,
711 3368 1009 3434 Nemesis
1053 3367 1314 3450 saepius
1357 3369 1459 3435 ita
1503 3374 2058 3458 commemoratur,
2096 3376 2172 3436 ut
2214 3371 2495 3437 multum
2526 3390 2670 3437 eam
2699 3377 2857 3437 tunc

498 3470 787 3537 valuisse
816 3473 909 3537 ad
941 3476 1312 3538 mortuos
1342 3472 1819 3554 puniendos
1849 3474 2036 3539 deam
2066 3473 2482 3540 durissimam
2503 3475 2857 3555 appareat:

498 3574 656 3641 vide
713 3575 930 3657 hymn.
990 3574 1060 3640 in
1116 3574 1297 3641 Nem.
1363 3575 1553 3659 (Mus.
1619 3576 1846 3656 script.
1905 3575 2137 3642 Graec.
2213 3578 2311 3642 ed.
2370 3577 2490 3643 Ian
2548 3594 2610 3659 p.
2667 3576 2855 3661 469);

498 3678 808 3760 hymnum
850 3678 1032 3758 orph.
1074 3678 1175 3761 61,
1217 3679 1289 3759 8;
1334 3676 1529 3745 Kaib.
1574 3677 1779 3760 epigr.
1826 3677 1994 3744 1046
2034 3696 2096 3745 v.
2136 3678 2297 3763 93⁸)

675 3949 716 4018 ²)
750 3949 931 4004 Debeo
964 3949 1108 4003 hunc
1141 3949 1318 4003 locum
1353 3954 1411 4003 et
1444 3952 1758 4017 sequentem
1793 3947 2143 4017 Posnanski0,
2191 3947 2435 4003 Nemesis
2470 3964 2525 4004 u.
2560 3948 2855 4004 Adrasteia

502 4033 816 4102 (Comment.
852 4033 1044 4088 Philol.
1082 4033 1307 4089 Vratisl.
1342 4034 1409 4103 V,
1446 4035 1499 4104 2)
1532 4050 1584 4103 p.
1622 4032 1691 4087 28
1725 4039 1783 4089 et
1818 4034 1901 4087 71.

674 4135 715 4206 ²)
751 4137 893 4205 quod
930 4136 1130 4192 statuit
1163 4137 1216 4192 J.
1253 4138 1318 4192 R.
1354 4139 1552 4207 Anton‚
1588 4137 1670 4191 De
1705 4135 1917 4207 origine
1950 4134 2124 4190 libelli
2156 4138 2282 4202 περὶ
2325 4137 2498 4203 ψυχᾶς
2531 4133 2731 4201 κόσμου
2766 4139 2856 4186 καὶ

501 4220 702 4288 φύσιος,
738 4221 932 4276 Numb.
971 4221 1121 4275 1893.

674 4323 715 4392 ³)
751 4322 963 4378 Similes
998 4323 1252 4379 Iustitiae
1297 4324 1429 4378 deae
1474 4330 1660 4393 partes
1708 4330 1866 4393 sunt3
1914 4322 2043 4378 vide
2088 4321 2372 4377 Plutarchi
2417 4323 2501 4378 De
2552 4339 2657 4379 ser.
2703 4340 2852 4379 num.

499 4408 648 4464 vind.
693 4426 746 4478 p.
781 4409 884 4463 565
918 4408 968 4462 A
1004 4413 1060 4463 et
1095 4424 1233 4477 quae
1274 4409 1341 4463 de
1375 4408 1578 4463 Dices
1613 4424 1836 4465 munere
1869 4424 2036 4477 supra
2068 4424 2122 4477 p.
2157 4407 2225 4461 56
2261 4408 2510 4462 disserui.

598 4508 1227 4563 Religionsgeschiehtliohe
1253 4509 1499 4555 Versuche
1524 4521 1573 4554 u.
1601 4508 1920 4555 Vorarboiten
1944 4509 2008 4554 11.
2477 4494 2507 4545 7
