3475 5118
666 384 751 449 94
1724 386 1790 439 L.
1824 386 1971 440 Ruhl
2677 395 2681 399 ⁴
2919 391 3029 472 [52

840 659 982 725 Iam
1057 679 1295 740 operae
1368 661 1653 742 pretium
1720 661 1852 726 erit
1895 662 2159 726 Aeaci
2204 661 2554 744 reminisci,
2614 682 2802 743 quem
2849 666 3027 744 apud

671 762 957 829 Graecos
987 782 1319 844 nunquam
1342 768 1537 829 tanta
1562 763 1963 829 auctoritate
1994 763 2198 830 fuisse
2230 770 2481 846 quanta
2506 766 2792 848 collegas
2824 785 3027 847 supra
3097 826 3107 835 .

670 864 1059 931 audivimus,
1146 865 1371 931 Finito
1403 866 1575 931 enim
1605 867 1889 932 locorum
1936 873 2289 948 conspectu
2333 869 2585 933 occasio
2616 869 2807 935 nobis
2839 869 3024 934 offer-

670 971 781 1033 tur
821 969 1281 1033 considerandi
1327 972 1641 1048 quomodo
1689 969 1938 1035 factum
1984 969 2089 1052 sit,
2135 976 2210 1035 ut
2256 974 2429 1051 apud
2475 971 2760 1038 Graecos
2805 974 3026 1038 Aeaco

669 1070 908 1136 arbitri
922 1071 1198 1137 honores
1224 1074 1749 1155 detraherentur,
1792 1076 1967 1153 apud
1984 1073 2309 1138 Romanos
2332 1078 2675 1139 manerent
2699 1074 3027 1140 attributi.

841 1174 911 1239 Si
994 1176 1172 1255 apud
1237 1174 1591 1240 Isocratem
1667 1175 1734 1240 in
1796 1175 2109 1257 Euagora
2183 1195 2243 1256 p.
2306 1177 2429 1241 192
2487 1176 2600 1260 (or.
2660 1177 2763 1242 IX
2822 1178 2859 1260 ἓ
2920 1178 3027 1261 15)

668 1275 945 1358 legimus
994 1278 1273 1342 Aeacum
1316 1276 1498 1361 παρὰ
1530 1276 1861 1341 Πλούτωνι
1888 1277 1997 1340 καὶ
2040 1276 2212 1362 Κόρῃ
2240 1281 2542 1359 μεγίστας
2568 1278 2759 1360 τιμὰς
2802 1274 3030 1358 ἔχοντα

669 1376 1224 1463 παρεδρεύειν
1282 1375 1578 1462 ἐκείνοις,
1648 1400 1770 1463 ego
1829 1380 2086 1461 quidem
2147 1401 2292 1447 cum
2344 1382 2673 1462 Leopoldo
2731 1381 3029 1449 Schmidt

674 1480 739 1565 (l.
788 1499 836 1546 s.
882 1500 941 1561 p.
991 1481 1137 1563 101)
1194 1487 1263 1547 et
1307 1483 1562 1551 Ervino
1602 1484 1831 1549 Rohde
1899 1484 2007 1569 (12,
2041 1485 2181 1567 7310
2224 1487 2443 1559 adnot.
2491 1485 2553 1568 1)
2613 1486 2778 1551 haec
2821 1486 3029 1552 verba

672 1585 755 1648 ad
800 1583 882 1647 iu
903 1584 1203 1650 dicium
1248 1586 1510 1652 minime
1540 1591 1845 1667 spectare
1883 1588 2344 1652 contenderim.
2419 1587 2548 1652 Sed
2577 1588 2687 1653 lex
2718 1594 2818 1653 est
2851 1590 3028 1668 apud

669 1684 932 1768 inferos,
999 1692 1075 1752 ut
1139 1689 1421 1768 optimus
1487 1689 1764 1770 quisque
1830 1688 2075 1755 artifex
2140 1693 2358 1755 sedem
2423 1690 2615 1755 iuxta
2679 1691 3028 1756 Plutonem

672 1788 1089 1855 nanciscatur
1147 1791 1378 1873 (Arist.
1439 1792 1600 1856 Ran.
1666 1791 1835 1876 765),
1898 1796 1965 1857 et
2023 1811 2167 1857 cum
2238 1793 2785 1859 Rhadamanthus
2851 1797 3028 1875 apud

669 1891 1025 1957 Pindarum
1056 1891 1381 1976 πάρεδρος
1410 1895 1871 1977 appellaretur,
1919 1914 2312 1975 quamquam
2342 1895 2445 1960 illi
2474 1915 2602 1961 non
2633 1895 2830 1962 iudex
2864 1901 3029 1979 erat,

667 2011 796 2058 11011
841 1994 973 2059 10111
1020 1995 1417 2079 dubitemus,
1469 1996 1625 2077 quin
1671 1998 1929 2062 Aeacus
1974 2000 2247 2062 eundem
2292 1999 2598 2063 honorem
2642 2003 2876 2065 nactus
2921 1999 3028 2065 sit.

671 2096 797 2161 Sed
821 2097 953 2162 iam
986 2099 1470 2179 antiquissimis
1499 2098 1906 2179 temporibus
1940 2099 2260 2165 incertum
2283 2100 2489 2166 fuisse
2511 2101 2792 2184 videtur,
2815 2120 3028 2168 nonne

672 2200 953 2265 alterum
1016 2201 1238 2282 potius
1290 2201 1784 2267 attribuendum
1833 2208 2011 2267 esset
2062 2222 2294 2268 munus
2346 2204 2822 2287 Aeginetarum
2866 2205 3030 2287 regi,

672 2321 860 2381 quem
907 2321 1116 2383 aeque
1145 2308 1346 2384 atque
1378 2304 1659 2369 Minoem
1692 2310 1761 2369 et
1790 2305 2366 2371 Rhadamanthum
2404 2318 2674 2388 propter
2704 2307 3030 2388 εὐσέβειαν

669 2404 889 2483 (Isocr.
918 2405 958 2468 l.
987 2423 1034 2469 S.
1066 2404 1103 2488 ξ
1136 2407 1233 2469 14.
1320 2406 1616 2486 Apollod.
1647 2407 1815 2472 Bibl.
1847 2407 1953 2471 ΙΠ
1983 2408 2020 2490 ἓ
2058 2408 2136 2473 15
2171 2410 2268 2473 011.
2299 2409 2534 2491 Wagn.
2566 2409 2672 2490 al.)
2704 2409 3029 2491 singulari

670 2507 781 2573 vel
826 2509 1001 2588 apud
1044 2506 1289 2573 inferos
1333 2506 1466 2573 frui
1503 2509 1745 2575 honore
1788 2528 2059 2576 necesse
2107 2515 2268 2578 erat.
2358 2510 2505 2596 Qua
2535 2511 2605 2578 in
2642 2531 2714 2578 re
2758 2511 3028 2579 minoris

676 2609 939 2690 quidem
997 2611 1306 2675 momenti
1365 2616 1521 2676 sunt
1565 2612 1905 2693 Euripidis
1948 2613 2097 2698 (frg.
2130 2616 2253 2681 591
2287 2616 2347 2679 N
2370 2616 2419 2699 2)
2462 2620 2531 2680 et
2563 2616 3028 2697 Aristophanis

673 2712 862 2797 (11011.
892 2712 1044 2797 465)
1083 2713 1226 2794 1001,
1270 2714 1385 2779 ubi
1416 2716 1673 2780 Aeacus
1718 2715 1964 2781 ianitor
1997 2717 2153 2782 Orci
2184 2723 2749 2800 commemoratum
2794 2737 3023 2784 nomen

671 2814 843 2880 enim
890 2815 1096 2881 Aeaci
1140 2816 1236 2881 ibi
1280 2818 1751 2899 grammaticus
1799 2822 2026 2884 doctus
2070 2819 2504 2900 posteriorum
2567 2824 2820 2887 demum
2865 2828 3028 2887 tem-

668 2938 895 2999 porum
939 2918 1173 3000 posuit,
1216 2920 1398 2985 cuius
1438 2938 1598 2986 aevo
1645 2920 1715 2985 id
1747 2921 1952 2987 Aeaci
1995 2922 2301 2988 ianitoris
2345 2943 2577 2990 munus
2621 2924 3029 2990 notissimum

672 3023 890 3106 erat.1)
981 3020 1106 3087 Sed
1152 3023 1530 3103 Apollodori
1589 3024 1632 3087 l.
1696 3043 1746 3088 s,
1790 3026 1997 3092 verba
2041 3030 2226 3090 sunt:
2264 3036 2528 3106 τιμᾶται
2582 3024 2652 3089 δὲ
2694 3026 2805 3089 καὶ
2846 3027 3030 3111 παρὰ

667 3122 994 3184 Πλούτωνι
1036 3122 1409 3208 τελευτήσας
1445 3123 1707 3199 Αἰακός,
1740 3125 1851 3187 καὶ
1878 3125 1993 3201 τὰς
2021 3126 2192 3202 κλεῖς
2233 3139 2347 3191 τοῦ
2376 3126 2605 3191 εἉιδου
2650 3129 3027 3213 φυλάττει.“·’)

669 3224 917 3289 Eadem
964 3226 1181 3306 opinio
1229 3244 1427 3307 saepe
1471 3228 1814 3311 repetitur,
1862 3233 1935 3294 ut
1964 3230 2077 3295 illo
2121 3230 2595 3313 epigrammate
2644 3232 2786 3297 CIL
2819 3233 2932 3315 VI,
2965 3234 3023 3315 2,
3068 3222 3073 3226 ’

674 3329 755 3392 14
771 3328 896 3393 672
943 3328 1160 3412 (Kaib.
1194 3330 1377 3413 646):
1433 3328 1558 3392 Οὐκ
1603 3329 1728 3394 ἔστ’
1778 3326 1843 3394 ἐν
1883 3330 2103 3395 <Άιδου
2158 3332 2404 3398 πλοῖον.
2478 3385 2492 3399 .
2527 3381 2539 3396 .
2574 3385 2588 3399 .
2636 3333 2748 3397 οὐκ
2793 3333 3031 3410 Αἰακὸς

669 3427 1049 3514 κλειδοῦχος,
1083 3436 1151 3496 et
1181 3433 1340 3513 Pap.
1372 3452 1540 3515 mag.
1574 3435 1721 3498 Par.
1768 3434 2065 3516 (Wiener
2095 3436 2463 3502 Denkschr.
2495 3437 2795 3502 XXXVI
2824 3457 2885 3518 p.
2917 3439 3026 3522 81)

673 3535 839 3600 1464
866 3553 987 3614 Sq.:
1032 3538 1083 3596 A
1097 3531 1235 3597 ἰακὲ
1264 3534 1521 3620 πυλωρὲ
1550 3535 1866 3622 κλείθρων
1895 3548 2022 3600 τῶν
2053 3535 2299 3602 ἀιδίων.
2392 3539 2521 3621 Qui
2550 3540 2721 3605 enim
2753 3541 3027 3605 Tartari

670 3642 899 3704 servat
915 3638 1150 3720 claveS,
1172 3658 1319 3703 mox
1342 3638 1418 3703 fit
1439 3637 1753 3722 πυλωρός,
1777 3659 1962 3720 quem
1981 3641 2270 3706 Aeacum
2296 3660 2438 3706 esse
2462 3644 2638 3722 apud
2660 3642 3028 3708 Lucianum

672 3740 971 3804 audimus
1017 3739 1195 3823 (dial.
1227 3745 1412 3806 mort.
1448 3742 1544 3823 13,
1590 3743 1687 3826 3):
1739 3787 1751 3802 .
1789 3790 1802 3805 .
1838 3788 1851 3803 .
1899 3741 1973 3805 οὐ
2002 3742 2126 3827 γὰρ
2156 3745 2352 3823 θέμις
2397 3741 2698 3806 ἀνελθεῖν
2730 3766 2872 3833 τινα
2899 3755 3030 3806 τῶν

671 3839 853 3919 ἅπαξ
883 3838 1400 3905 διαπλευσάντων
1439 3842 1548 3926 τὴν
1586 3843 1803 3929 λίμνην
1847 3897 1861 3910 .
1892 3897 1905 3911 .
1954 3844 2026 3907 οὐ
2072 3844 2192 3931 γὰρ
2238 3843 2473 3930 ἀμελὴς
2518 3845 2553 3909 ὃ
2596 3843 2844 3921 Αἰακὸς
2889 3845 3024 3910 οὐδ’

672 3942 706 4006 ὃ
750 3945 1069 4026 Κέρβερος
1100 3943 1661 4030 εὐκαταφρόνητος.
1739 3947 1987 4012 Ibidem
2020 3948 2184 4013 dicit
2215 3947 2564 4030 Menippus
2609 3950 2710 4033 20,
2744 3951 2811 4014 1:
2856 3947 3030 4033 Πρὸς

668 4056 783 4108 τοῦ
822 4045 1211 4127 Πλούτωνος,
1258 4041 1310 4109 ὦ
1353 4044 1574 4132 Αἰακέ,
1617 4050 1996 4134 περιήγησαί
2039 4073 2156 4131 μοι
2198 4050 2276 4113 τὰ
2322 4049 2389 4113 ἐν
2442 4048 2601 4134 ᾅδου
2645 4053 2857 4114 πάντα
2898 4103 2912 4116 .
2958 4103 2973 4116 .
3014 4104 3026 4117 .

672 4147 770 4212 ὅτι
821 4148 1155 4232 πυλωρεῖς.
1243 4151 1394 4216 Alio
1439 4153 1576 4216 1000
1623 4152 1748 4235 (22,
1794 4152 1858 4237 3)
1906 4152 2163 4217 Charon
2225 4153 2438 4229 timet,
2496 4173 2578 4219 ne
2637 4155 3030 4221 verberetur

848 4285 886 4354 ¹)
922 4285 1060 4339 Vide
1096 4286 1364 4340 Rohdium
1402 4288 1436 4340 l.
1475 4304 1515 4340 s,
1554 4292 1611 4341 et
1646 4287 1914 4342 Hillerum
1950 4288 2009 4342 in
2046 4289 2279 4343 Hermae
2315 4290 2420 4344 vol.
2458 4290 2613 4358 VIII,
2649 4307 2701 4357 p.
2739 4291 2854 4343 455.

845 4370 885 4438 ²)
922 4372 1004 4425 De
1040 4372 1276 4426 clavium
1314 4371 1709 4441 significatione
1748 4372 1872 4428 11110
1908 4373 2178 4427 Rohdium
2215 4376 2249 4429 1.
2288 4390 2329 4428 S.
