3475 5118
696 442 782 508 46
1753 439 1818 494 L.
1854 440 2003 494 Ruhl
2945 439 3055 528 [14

699 631 938 695 gemus
1033 612 1389 677 Pindarum
1429 611 1878 695 theologorum
1924 613 2329 692 quorundam
2378 615 2673 677 secutum
2719 630 2865 677 esse
2909 613 3055 678 doc-

697 715 910 781 trinas
954 715 1131 780 inter
1175 733 1282 780 eos
1327 717 1604 797 constat,
1650 714 1763 795 qui
1806 714 2119 780 subtilius
2165 714 2235 779 in
2280 732 2541 779 carmen
2574 714 2964 796 olympicum
2987 715 3057 780 ΙΙ

696 819 896 899 inque
927 817 1236 883 similium
1266 816 1625 882 carminum
1654 816 2033 899 fragmenta
2062 817 2569 897 inquisiverunt.
2629 816 2730 881 Ac
2763 817 3058 884 breviter

697 927 1008 1003 repetam,
1053 938 1223 1001 quae
1253 920 1650 985 Albrechtus
1682 918 2027 985 Dieterich
2074 921 2155 985 de
2183 919 2543 985 Pindarica
2588 918 2906 1001 imprimis
2938 919 3057 987 Or-

694 1023 1030 1104 phicorum
1062 1026 1132 1087 et
1159 1021 1745 1105 Pythagoricorum
1778 1021 2117 1087 doctrinae
2148 1022 2650 1088 adumbratione
2683 1022 3058 1102 exposuerit

697 1125 985 1208 (Nekyia
1014 1146 1075 1206 p.
1107 1125 1447 1210 63—136).
1533 1123 1804 1191 Duobus
1851 1124 2026 1191 enim
2068 1124 2244 1208 10013,
2286 1125 2357 1190 111
2400 1124 2631 1208 fragm.
2665 1126 2789 1191 133
2819 1127 3056 1190 neniae

694 1228 764 1294 in
805 1233 1086 1294 mortem
1131 1228 1397 1294 Gelonis
1442 1228 1842 1308 compositae
1887 1231 1957 1293 et
2018 1228 2089 1292 in
2151 1229 2272 1293 hoc
2329 1234 2555 1293 nostro
2614 1246 2813 1292 carm.
2867 1227 2944 1293 ol.
2983 1228 3057 1293 II

698 1331 986 1397 Theroni
1016 1330 1331 1414 dedicato,
1360 1330 1646 1396 strictim
1678 1330 1960 1413 attingit
1991 1331 2313 1410 quaedam
2343 1329 2662 1412 mysteria
2694 1331 2798 1410 (ol.
2827 1330 2917 1413 II,
2938 1332 3054 1397 56:

699 1486 712 1499 .
737 1485 751 1499 .
776 1427 950 1496 οἶδεν
975 1478 988 1494 .
1016 1482 1030 1497 .
1070 1431 1143 1495 τὸ
1180 1431 1424 1517 μέλλον,
1483 1434 1598 1500 83:
1655 1432 1809 1518 βέλη
1855 1432 2193 1516 φωνάεντα
2238 1430 2762 1517 ὸυνετοῖσιν),
2807 1437 2884 1498 ut
2929 1452 3055 1517 eOS,

699 1538 783 1602 ad
813 1555 971 1617 quos
1001 1536 1201 1602 missa
1244 1540 1398 1601 sunt
1441 1535 1734 1601 carmina
1779 1536 2166 1601 consoletur.
2241 1535 2468 1601 Sicilia
2514 1535 2685 1600 enim
2728 1535 2799 1600 in
2836 1535 3055 1602 insula

696 1639 977 1704 maxime
1021 1642 1177 1704 tunc
1221 1638 1518 1704 floruisse
1558 1639 1726 1704 tales
1772 1637 2127 1720 opinioneS,
2168 1637 2268 1702 ita
2309 1642 2387 1703 ut
2430 1636 2631 1704 facile
2677 1638 2770 1704 eis
2806 1639 3055 1704 imbue-

696 1748 885 1806 retur
942 1745 1152 1823 poeta,
1213 1741 1414 1806 etiam
1472 1740 1767 1806 Rohdius
1834 1740 1898 1825 (l.
1951 1760 2000 1806 3.
2060 1741 2131 1806 II
2155 1740 2179 1776 2
2228 1759 2290 1821 p.
2335 1741 2461 1806 216
2522 1760 2666 1806 cum
2727 1742 2943 1806 adnot.
2990 1742 3053 1825 l)

699 1843 994 1909 coniecit.
1082 1843 1267 1926 Quae
1310 1843 1626 1925 mysteria
1670 1843 1898 1924 qualia
1940 1843 2194 1909 fuerint
2238 1842 2604 1909 clarissime
2654 1843 3055 1926 perspicitur

697 1965 732 2012 e
755 1946 1040 2011 carmine
1070 1945 1335 2026 saepius
1365 1946 1635 2011 laudato
1659 1945 1996 2028 olympico⁷
2028 1945 2143 2011 ubi
2159 1945 2456 2026 loquitur
2478 1951 2674 2027 poeta
2697 1947 2777 2011 de
2800 1946 3053 2013 Semele

698 2068 737 2114 a
780 2048 914 2114 filio
960 2050 1156 2114 ducta
1200 2048 1534 2131 hederato‚
1579 2050 1660 2113 de
1717 2048 1939 2132 Inone,
2001 2050 2098 2114 de
2156 2048 2523 2114 mortuis
2582 2049 3053 2130 puniendis

698 2156 842 2217 aut
899 2150 1278 2232 praemio
1330 2150 1874 2233 decorandiS,
1936 2152 2031 2216 de
2072 2151 2517 2216 beatorum
2561 2151 2883 2216 insulis
2928 2151 3054 2217 eis-

696 2272 821 2335 que
874 2254 987 2334 qui
1038 2255 1109 2318 in
1167 2252 1302 2319 illis
1352 2254 1678 2336 habitant,
1742 2272 1910 2334 quae
1955 2253 2170 2318 omnia
2212 2252 2523 2334 spectant
2568 2256 2654 2318 ad
2699 2273 2889 2320 sacra
2934 2253 3052 2321 Or-

694 2357 1033 2438 phicorum
1080 2356 1280 2441 (Diet.
1310 2375 1370 2437 p.
1404 2355 1571 2441 112).
1660 2356 1828 2421 Nam
1873 2375 1955 2421 ex
1992 2361 2359 2439 mystarum
2406 2356 2628 2421 aureis
2673 2356 2937 2423 laminis
2984 2362 3053 2422 et

698 2478 734 2524 e
764 2458 987 2525 verbis
1021 2457 1451 2540 EmpedocliS‚
1498 2458 1611 2539 qui
1652 2458 1794 2539 ipse
1840 2464 1989 2524 erat
2033 2458 2223 2540 quasi
2267 2460 2591 2541 propheta
2620 2458 2802 2525 illius
2832 2465 3053 2526 sectae

696 2561 900 2646 (Diet.
941 2582 1001 2644 p.
1050 2561 1215 2647 108),
1260 2562 1344 2627 ab
1391 2561 1691 2642 Orphicis
1737 2563 1820 2626 de
1865 2561 2229 2627 animarum
2268 2562 2662 2644 condicione,
2711 2564 2792 2627 de
2828 2581 3055 2643 pecca-

693 2671 908 2731 torum
954 2684 1167 2747 poena
1212 2667 1421 2746 deque
1471 2663 1866 2730 transeundi
1920 2665 2181 2730 ratione
2238 2666 2449 2731 multa
2508 2664 2852 2747 disputata
2914 2684 3055 2731 esse

695 2768 936 2834 scimus
983 2788 1191 2849 aeque
1235 2773 1433 2849 atque
1464 2788 1504 2834 a
1534 2767 2129 2851 Pythagoricorum
2164 2772 2384 2833 sectae
2431 2767 2801 2849 adscriptis,
2869 2768 3056 2851 Quae

694 2876 918 2937 autem
949 2873 1034 2937 ad
1064 2873 1198 2955 hos,
1242 2890 1411 2952 quae
1440 2874 1526 2937 ad
1556 2870 1702 2937 illos
1730 2870 2132 2953 pertineant,
2162 2874 2238 2936 ut
2281 2870 2544 2953 singula
2588 2888 3054 2953 cognoscamus

694 2974 839 3039 fieri
897 2994 1026 3039 non
1087 2978 1304 3055 potest
1354 2974 1554 3059 (Diet.
1605 2994 1665 3054 p.
1720 2973 1845 3039 109
1909 2974 2126 3039 adnot.
2184 2972 2250 3057 2)
2316 2991 2524 3054 neque
2586 2991 2747 3054 opus
2808 2977 2910 3039 est
2968 2975 3055 3039 ad

690 3081 987 3142 nostram
1055 3077 1518 3142 absolvendam
1583 3075 2037 3157 quaestionem
2103 3076 2226 3140 hac
2293 3075 2698 3158 cognitione3
2766 3074 3057 3142 sufficiat

692 3177 880 3244 nobis
924 3178 1240 3244 statuisse
1284 3179 1627 3243 deductam
1669 3196 1813 3243 esse
1842 3177 2125 3243 Pindari
2162 3176 2269 3259 τὴν
2299 3171 2753 3260 ἐσχατολογίαν
2804 3196 2886 3243 ex
2932 3177 3051 3244 Or-

693 3280 1030 3362 phicorum
1090 3279 1232 3348 sive
1289 3280 1874 3363 Pythagoricorum
1927 3280 2263 3363 mysteriis
2322 3280 2501 3345 111161
2559 3299 2629 3345 36
2685 3279 3055 3346 simillimis,

693 3384 832 3449 Iam
877 3383 1034 3464 quid
1078 3383 1274 3448 Plato
1321 3385 1400 3448 de
1444 3382 1992 3465 metempsychosi
2052 3383 2334 3448 sentiret
2389 3382 2630 3463 quidve
2685 3384 2765 3447 de
2810 3383 3053 3464 suppli-

694 3485 815 3551 ciis
878 3490 945 3551 et
1005 3486 1189 3552 donis
1244 3489 1391 3567 post
1447 3492 1719 3551 mortem
1779 3484 2240 3568 attribuendiS‚
2304 3484 2375 3550 in
2421 3486 2516 3550 eis
2564 3503 2728 3566 quae
2790 3503 3053 3566 praece-

693 3590 860 3653 dunt
891 3589 1312 3670 explanatum
1342 3594 1446 3654 est
1475 3589 1588 3672 ita,
1630 3592 1707 3654 ut
1744 3588 1984 3653 iterum
2015 3587 2135 3653 illa
2165 3605 2727 3669 supervacaneum
2764 3588 2856 3652 sit
2900 3606 3055 3652 enu-

692 3709 962 3757 merare.
1049 3690 1250 3756 Nemo
1318 3695 1539 3756 autem
1605 3690 1976 3756 consentire
2046 3709 2187 3756 eum
2258 3690 2323 3755 in
2393 3689 2497 3756 his
2562 3709 2706 3756 cum
2766 3689 3056 3756 Pindaro

692 3793 983 3876 negabit.
1087 3793 1245 3859 Cum
1303 3812 1460 3860 vero
1518 3792 1876 3858 Pindarum
1940 3797 2009 3858 et
2069 3791 2384 3873 Orphicos
2446 3797 2513 3859 et
2572 3792 3054 3876 Pythagoricos

692 3900 983 3962 secutum
1028 3914 1170 3961 esse
1215 3915 1251 3962 e
1289 3894 1603 3962 doctrinis
1649 3899 2081 3976 utrorumque
2126 3895 2493 3962 certissime
2540 3896 3055 3962 concludendum

692 4002 855 4085 erat,
908 3999 1081 4065 idem
1139 4000 1218 4064 de
1261 3998 1538 4064 Platone
1595 4001 1968 4063 statuamus
2027 4016 2297 4063 necesse
2359 4002 2477 4081 est,
2537 4002 2739 4079 atque
2799 3998 3056 4063 Plato

691 4102 834 4183 ipse
877 4120 947 4167 se
1004 4101 1122 4167 illa
1178 4120 1367 4167 sacra
1410 4100 1795 4183 cognovisse
1840 4104 2154 4184 testatur,
2214 4119 2274 4167 V.
2320 4120 2371 4167 c.
2418 4100 2663 4184 Cratyl.
2710 4121 2772 4182 p.
2819 4100 2947 4167 400
2974 4100 3056 4166 O:

693 4202 952 4268 δοκοῦσι
1013 4205 1230 4285 μέντοι
1283 4225 1400 4284 μοι
1454 4202 1733 4283 μάλιστα
1791 4204 2046 4266 θέσθαι
2106 4201 2170 4265 οἱ
2228 4200 2402 4288 ἀμφὶ
2457 4201 2692 4288 Ὀρφέα
2743 4212 2932 4266 τοῦτο
2981 4199 3056 4264 τὸ

692 4302 895 4382 ὄνομα
957 4306 1208 4392 (σῆμα),
1267 4305 1356 4382 ὡς
1413 4304 1589 4392 δίκην
1659 4302 2063 4390 διδούσης
2132 4313 2268 4390 τῆς
2338 4306 2708 4390 ψυχῆς.1)
2795 4303 3057 4388 Quibus

869 4443 908 4512 1)
943 4443 1143 4497 Fusius
1179 4443 1246 4496 de
1281 4442 1367 4496 his
1401 4444 1521 4510 egit
1554 4440 1924 4496 Dieterichius
1960 4441 1996 4495 1.
2035 4458 2077 4496 3.
2113 4458 2165 4509 p.
2203 4441 2319 4495 113.
