3475 5118
498 413 564 502 3]
1307 416 1391 470 De
1426 421 1763 471 mortuorum
1798 416 1997 471 iudicio
2765 418 2854 487 35

704 583 804 648 ὅτι
844 583 1178 649 θανόντων
1218 583 1334 666 μὲν
1378 582 1597 649 ἐνθάδ’
1624 586 1676 671 1)
1721 585 1925 649 αὐτίκ’
1972 584 2342 668 ἀπάλαμνοι
2385 591 2617 673 φρένες

700 685 935 763 ποινὰς
978 684 1209 771 ἔτισαν,
1250 688 1330 752 τὰ
1376 686 1434 750 δ’
1464 687 1531 752 ἐν
1573 686 1729 773 τᾷδε
1774 687 1933 765 Διὸς
1970 688 2135 775 ᾇρχᾷ

610 802 680 855 60
709 787 935 875 ἀλιτρὰ
976 789 1137 853 κατὰ
1179 801 1299 873 γᾶς
1342 788 1593 871 δικάζει
1635 814 1733 868 τις
1777 790 1988 877 ἐχθρὰ

701 892 888 976 λόγον
933 892 1244 978 φράσαιθ
1280 891 1561 975 marna.
1581 895 1630 980 ²)

672 1062 713 1128 1)
749 1062 1053 1118 Adnotavit
1104 1063 1173 1117 ad
1207 1063 1351 1118 hunc
1384 1064 1562 1118 locum
1610 1065 1675 1118 Ε.
1711 1064 1949 1119 Rohde
1997 1065 2052 1133 (1.
2090 1081 2131 1118 S.
2168 1063 2264 1119 11²
2299 1081 2351 1134 p.
2387 1064 2505 1134 208,
2556 1066 2738 1120 adnot.
2773 1066 2855 1133 3):

499 1147 649 1201 ‘Hier
671 1147 748 1202 ist
764 1165 870 1202 nur
894 1165 999 1203 von
1023 1148 1246 1203 Gericht
1268 1149 1381 1203 und
1404 1149 1753 1219 Vergeltung
1775 1149 1853 1202 im
1876 1150 2057 1204 Hades
2082 1149 2171 1204 die
2193 1150 2359 1205 Rede.
2408 1151 2476 1205 In
2499 1151 2604 1205 den
2627 1151 2857 1206 Worten

498 1231 801 1284 θανόντων
849 1271 861 1283 .
901 1272 912 1284 .
950 1272 962 1284 .
1001 1272 1014 1284 .
1061 1234 1244 1285 ἔτισαν
1288 1235 1438 1289 kann
1485 1235 1583 1288 das
1630 1232 1841 1286 ἐνθάδε
1887 1235 2229 1306 unmoglich,
2278 1235 2381 1290 mit
2427 1236 2710 1292 Aristarch
2725 1276 2738 1300 ,
2785 1253 2856 1291 zu

497 1316 690 1371 ποινὰς
722 1319 908 1369 ἔτισαν
940 1334 1186 1388 gezogen
1209 1320 1441 1387 werden,
1480 1336 1536 1374 so
1563 1320 1666 1374 dass
1692 1336 1800 1375 von
1824 1321 1920 1375 der
1943 1320 2280 1391 Bestrafung
2316 1322 2412 1376 der
2447 1321 2505 1375 in
2542 1323 2636 1377 der
2659 1322 2856 1377 Unter-

498 1403 630 1458 welt
681 1404 1038 1474 begangenen
1083 1404 1437 1469 Freveltaten
1493 1405 1584 1473 (an
1631 1405 1746 1459 sich
1793 1406 1941 1460 einer
1988 1402 2281 1461 seltsamen
2318 1406 2505 1476 Sache)
2556 1407 2643 1462 bei
2688 1422 2855 1462 neuer

498 1489 920 1558 Wiedergeburt
955 1489 1051 1543 auf
1084 1490 1179 1544 der
1213 1490 1358 1545 Erde
1394 1490 1482 1544 die
1516 1491 1667 1545 Rode
1702 1496 1866 1545 ware.
1937 1491 2212 1546 θανόντες
2244 1482 2512 1562 kurzweg
2535 1493 2685 1548 kann
2721 1493 2856 1547 doch

497 1574 651 1628 nicht
683 1574 1006 1630 bezeichnen
1040 1575 1128 1629 die
1164 1574 1437 1629 θανόντες
1484 1579 1573 1626 καὶ
1620 1574 2076 1644 οἰναβεβιωκότες,
2120 1594 2247 1632 man
2280 1579 2431 1632 kann
2465 1594 2571 1632 nur
2604 1578 2692 1632 die
2716 1578 2855 1633 nach

498 1659 672 1714 einem
706 1660 1038 1715 Lebenslauf
1072 1661 1169 1714 auf
1212 1661 1308 1715 der
1342 1662 1487 1716 Erde
1536 1662 1944 1717 Verstorbenen
1989 1663 2102 1717 und
2147 1679 2261 1717 nun
2309 1662 2368 1717 in
2416 1663 2514 1717 der
2550 1663 2856 1719 Unterwelt

498 1744 909 1800 Verweilenden
960 1746 1220 1801 darunter
1254 1747 1577 1801 verstehen’.
1672 1747 1825 1813 Quae
1877 1747 2070 1801 deinde
2127 1746 2483 1803 subtilissime
2540 1747 2856 1817 explanavit

498 1834 715 1897 praeter
750 1830 861 1884 alia
885 1832 951 1885 de
974 1830 1418 1886 Rauchensteinii
1442 1832 1757 1886 coniectura
1781 1825 1947 1886 αὖθις
1980 1832 2318 1902 omittamus,
2356 1840 2415 1896 et
2438 1833 2609 1902 ipsius
2630 1832 2857 1888 Pindari

497 1915 664 1969 verba
700 1916 956 1970 adeamus
991 1933 1043 1971 v.
1079 1916 1149 1970 68
1183 1933 1329 1984 sqq.:

906 2000 1025 2053 ὅσοι
1059 1998 1107 2053 δ’
1141 1999 1448 2068 ἐτόλμασαν
1482 2003 1534 2056 ἐς
1566 2006 1682 2072 τρὶς

907 2087 1303 2157 ἑκατέρωθι
1336 2092 1619 2154 μείναντες
1651 2086 1766 2141 ἀπὸ
1802 2087 2039 2155 πάμπαν
2074 2085 2280 2140 ἀδίκων
2317 2088 2455 2150 ἔχειν

905 2172 1107 2242 ψυχάν,
1138 2170 1347 2225 ἔτειλαν
1381 2172 1517 2228 Διὸς
1551 2173 1686 2227 ὁδὸν
1720 2213 1991 2226 ......

668 2258 817 2312 Haec
864 2258 1066 2313 Rohdii
1111 2260 1440 2314 sententiam
1485 2260 1842 2329 impugnant,
1890 2276 2017 2314 nam
2065 2260 2279 2314 omnino
2332 2258 2452 2314 fieri
2497 2274 2604 2312 non
2655 2262 2853 2326 potest,

500 2343 632 2409 quin
684 2342 995 2412 ἑκατέρωθι
1047 2344 1106 2398 in
1156 2345 1255 2399 hoc
1302 2345 1589 2400 verborum
1624 2350 1885 2400 contextu
1921 2345 2228 2415 significet:
2267 2350 2324 2400 et
2358 2359 2523 2413 supra
2557 2348 2761 2398 terram
2795 2347 2853 2397 et

498 2428 623 2483 sub
657 2432 822 2497 terra,
870 2433 937 2483 ut
981 2430 1135 2484 nulla
1179 2428 1288 2484 iam
1335 2430 1658 2485 difficultate
1697 2431 2057 2499 impediamur
2102 2431 2248 2500 (nam
2284 2435 2343 2486 et
2377 2427 2652 2481 θανόντες
2684 2429 2750 2483 de
2775 2427 2853 2482 eis

495 2513 722 2569 mortuis
757 2530 912 2584 posse
936 2513 1060 2584 dici,
1097 2531 1323 2583 quorum
1349 2515 1559 2571 animae
1587 2517 1813 2573 redeant
1836 2516 1895 2572 in
1917 2521 2136 2587 terram,
2173 2532 2331 2573 nemo
2368 2513 2599 2585 negabit
2632 2513 2742 2569 nisi
2764 2513 2860 2583 qui

493 2599 656 2655 nimis
692 2606 852 2655 acute
892 2617 1108 2656 versum
1143 2603 1331 2657 studet
1367 2602 1687 2672 explicare),
1742 2620 1812 2658 ne
1864 2608 1922 2657 et
1966 2619 2130 2671 supra
2175 2607 2377 2658 terram
2428 2606 2485 2656 et
2537 2601 2659 2657 sub
2706 2606 2859 2655 terra

497 2685 704 2739 animas
738 2686 799 2740 in
821 2701 877 2741 se
913 2687 1117 2742 scelera
1151 2687 1441 2743 admittere
1464 2688 1692 2755 ideoque
1714 2688 1898 2756 puniri
1920 2687 2206 2756 utrobique
2242 2691 2568 2754 statuamUS,
2606 2686 2855 2754 quamvis

497 2770 750 2825 obscurae
797 2770 909 2825 sint
943 2772 1095 2826 nobis
1140 2773 1515 2842 theologorum
1569 2773 1787 2827 illorum
1837 2773 2129 2841 opiniones.
2199 2772 2276 2827 At
2320 2787 2427 2826 non
2462 2771 2573 2825 iam
2599 2771 2856 2825 obscurae

497 2860 649 2910 sunt:
686 2845 812 2910 vide
847 2872 987 2923 quae
1022 2856 1222 2912 dixerit
1255 2857 1320 2911 A.
1356 2858 1762 2925 Dieterich,
1795 2858 2011 2925 Nekyia
2042 2875 2095 2926 p.
2134 2855 2380 2926 1111112ε
2420 2856 2553 2909 ‘Dass
2590 2857 2688 2910 das
2723 2856 2856 2912 Ver-

496 2940 673 3009 gehen
698 2940 932 2996 drunten
966 2941 1146 2996 nichts
1171 2943 1397 2997 anderes
1430 2942 1522 3012 ist,
1561 2944 1643 2997 als
1668 2943 1758 2997 die
1776 2943 1944 2997 durch
1965 2943 2171 2998 falsche
2189 2942 2525 3011 Lockungen
2559 2941 2674 2995 und
2709 2939 2856 2995 sinn-

494 3025 633 3080 liche
686 3026 1195 3097 Vorspiegelungen
1258 3028 1638 3083 verschuldete
1692 3028 1898 3083 falsche
1950 3028 2116 3083 Wahl
2167 3027 2315 3082 eines
2380 3042 2559 3081 neuen
2618 3026 2854 3081 Lebens-

494 3111 649 3180 loses,
683 3111 762 3167 ist
801 3154 812 3166 .
850 3154 863 3166 .
903 3154 915 3166 .
952 3154 964 3166 .
1004 3113 1172 3167 durch
1206 3113 1311 3168 den
1334 3114 1628 3184 Vergleich
1667 3113 2032 3183 platonischer
2066 3113 2271 3169 Stellen
2319 3112 2556 3166 erkannt
2601 3111 2854 3166 worden’.

496 3196 631 3251 Rem
665 3197 940 3266 publicam
975 3198 1110 3252 dicit
1143 3215 1196 3266 p.
1230 3198 1396 3253 6171)
1433 3215 1466 3253 a
1501 3200 1598 3254 Lu
1614 3199 1904 3254 ebberto
1952 3199 2317 3269 explanatam,
2366 3198 2486 3252 Ind.
2522 3198 2647 3251 lect.
2683 3197 2854 3251 Bonn.

499 3282 717 3352 1887188
750 3300 803 3352 p.
838 3284 975 3337 XIX
1009 3299 1087 3351 sq.
1136 3284 1277 3339 Vide
1325 3284 1492 3339 etiam
1539 3284 2087 3350 Dieterichium,
2133 3284 2169 3339 l.
2207 3300 2247 3338 s.
2286 3300 2338 3353 p.
2375 3282 2492 3336 115.
2561 3282 2749 3350 Neque
2783 3280 2855 3334 ad

497 3383 651 3421 suam
687 3369 1015 3423 sententiam
1050 3385 1136 3424 me
1172 3369 1402 3424 adduxit
1435 3370 1703 3425 Ernestus
1736 3371 1933 3438 Maass,
1969 3369 2214 3439 Orpheus
2250 3385 2302 3438 p.
2339 3368 2441 3423 271
2478 3383 2557 3434 sq.

671 3451 714 3521 ²)
748 3450 978 3521 Ἀναγκα
1012 3471 1109 3522 pro
1133 3452 1340 3522 α’νάγκᾳ
1376 3455 1725 3511 Ernestus
1764 3457 2015 3524 Maass,
2071 3454 2108 3509 1.
2134 3471 2177 3509 s.
2201 3471 2254 3522 p.
2278 3453 2412 3522 2723
2449 3452 2575 3507 vide
2598 3451 2853 3505 Eduar-

498 3538 648 3592 dum
671 3538 722 3591 N
738 3554 807 3592 or
826 3538 978 3607 den,
1016 3539 1208 3608 Vergil
1231 3540 1386 3594 Buch
1410 3541 1491 3596 VI
1509 3558 1562 3609 p.
1586 3541 1655 3595 37
1681 3541 1863 3596 adnot.
1883 3542 1931 3594 1.
1957 3571 2023 3580 —
2049 3540 2162 3594 Alii
2185 3540 2251 3593 de
2276 3537 2400 3593 aliis
2419 3537 2688 3591 iudicibus
2708 3536 2854 3605 cogi-

496 3629 778 3678 taverant:
825 3624 889 3678 B.
928 3624 1273 3680 Constant
1317 3626 1352 3679 l.
1391 3642 1432 3681 s.
1470 3643 1521 3694 p.
1557 3626 1661 3680 388
1706 3626 1775 3681 de
1821 3626 2078 3693 Saturno,
2127 3624 2281 3678 cuius
2327 3638 2521 3678 nomen
2566 3621 2741 3676 traxit
2786 3636 2853 3675 ex

496 3724 659 3764 versu
683 3710 776 3777 763
812 3709 875 3763 L.
901 3710 1217 3765 Schmidt
1249 3711 1285 3764 l.
1312 3727 1353 3765 s.
1378 3727 1429 3780 p.
1455 3711 1554 3764 101
1594 3717 1651 3766 et
1674 3710 2253 3766 Schneidewinus
2276 3708 2335 3763 in
2359 3706 2613 3763 editionis
2635 3706 2853 3774 abipso

497 3799 716 3849 curatae
753 3794 1134 3850 commentario
1169 3813 1223 3865 p.
1256 3797 1323 3849 41
1360 3797 1426 3851 de
1463 3797 1561 3851 deo
1596 3798 1829 3864 quodam
1864 3796 2107 3851 consulto
2141 3811 2248 3850 non
2283 3793 2584 3859 nominat0,
2620 3793 2670 3846 D
2686 3791 2749 3846 ie
2764 3798 2853 3846 te·

496 3878 768 3934 richius
802 3880 839 3934 1.
876 3897 918 3935 s.
953 3897 1006 3949 p.
1044 3880 1160 3949 111,
1196 3881 1298 3934 119
1333 3886 1390 3936 et
1425 3882 1526 3935 126
1564 3883 1747 3936 adnot.
1784 3885 1831 3934 1.
1868 3882 1936 3936 de
1952 3879 2389 3934 RhadamanthO.
2428 3878 2534 3932 Sed
2569 3877 2711 3932 hunc
2744 3892 2853 3931 non

497 3980 613 4018 esse
646 3961 942 4028 δικάζοντα
963 3965 1122 4020 illum
1155 3966 1503 4036 intellegitur
1525 3967 1668 4035 inde,
1706 3967 1850 4033 quod
1883 3966 1942 4020 in
1966 3965 2168 4033 campis
2186 3963 2395 4032 Elysiis
2429 3963 2516 4032 (ut
2540 3961 2729 4029 odyss.
2753 3961 2850 4029 IV,

495 4048 617 4118 564)
641 4049 874 4120 habitat,
911 4050 1007 4105 ubi
1028 4050 1163 4106 iusti
1185 4055 1405 4106 tantum
1426 4050 1803 4119 inveniuntur,
1840 4052 1907 4105 de
1931 4050 2126 4118 quibus
2148 4048 2366 4104 omnino
2392 4060 2851 4116 supervacaneum

498 4140 581 4189 est
612 4134 870 4203 iudicare,
905 4135 964 4190 id
989 4136 1261 4204 quodiam
1286 4137 1350 4192 E..
1373 4136 1565 4191 Rohde
1602 4136 1701 4206 (Ῑῖ,
1737 4136 1858 4203 310,
1886 4134 1937 4204 1)
1972 4133 2228 4189 ostendit.
2298 4132 2488 4199 Neque
2512 4131 2632 4185 fieri
2653 4134 2849 4200 potest,

496 4223 563 4274 ut
606 4225 785 4289 poeta,
833 4220 882 4274 si
919 4237 967 4276 v.
1004 4221 1072 4274 59
1107 4218 1311 4284 δικάζει
1342 4239 1421 4274 τις
1455 4220 1674 4276 nomine
1715 4221 1911 4275 omisso
1946 4219 2214 4288 exhibeat,
2250 4222 2375 4288 post
2409 4231 2609 4285 paucos
2643 4230 2850 4284 versus,

498 4303 592 4359 ubi
614 4305 682 4360 de
705 4305 910 4373 Elysiis
935 4306 1060 4375 agit
1082 4306 1301 4375 campis,
1337 4306 1820 4361 Rhadamanthum
1842 4304 2002 4359 illum
2024 4303 2256 4358 iudicem
2281 4318 2396 4358 esse
2419 4301 2574 4357 velit.
2610 4299 2851 4357 Verbum

498 4393 683 4443 autem
718 4388 982 4460 πάρεδρος
1017 4391 1089 4461 (v.
1116 4391 1200 4460 76)
1236 4407 1344 4446 non
1376 4390 1721 4446 iudiciarium
1747 4395 1965 4445 tantum
2001 4402 2335 4456 assessorem,
2374 4386 2615 4524 sedgum
2641 4400 2852 4453 quoque
