3475 5118
680 369 768 436 50
1734 367 1797 420 L·
1833 368 1981 422 Ram
2919 366 3028 456 [18

676 538 1166 620 appropinquat
1225 540 1295 602 et
1353 536 1675 603 citharam
1719 541 1907 602 tenet
1961 536 2282 619 manibuS,
2333 540 2483 618 post
2528 555 2673 602 eum
2718 541 3027 618 parentes

678 641 944 722 quidam
986 658 1119 705 una
1163 658 1309 706 cum
1352 640 1485 705 filio
1530 642 1841 706 accedere
1870 639 2195 707 videntur.
2268 638 2457 705 Infra
2500 639 2820 706 Hercules
2880 640 3029 706 061·-

674 745 903 810 beru-m
962 761 1177 808 secum
1232 744 1470 808 ducere
1530 747 1838 825 conatur,
1902 742 2161 807 Hecate
2222 741 2374 809 Orci
2438 747 2666 823 portas
2725 741 3028 826 custodit,

676 845 1002 911 Tantalus
1068 853 1138 910 et
1195 844 1517 926 Sisyphus
1574 848 1996 926 torquentur;
2060 863 2260 926 supra
2303 843 2659 927 PirithouS,
2717 846 3027 927 Theseus,

673 947 840 1013 Dice
885 950 956 1012 ct
997 946 1301 1013 Herculis
1346 965 1508 1012 uxor
1550 948 1829 1028 Megara
1873 966 2006 1012 una
2051 966 2195 1013 cum
2254 946 2472 1012 filiolis
2532 944 2771 1031 ἀώροις
2820 949 3025 1030 βιαιο-

673 1051 981 1124 θανάτοις
1011 1053 1167 1115 sunt
1194 1049 1376 1131 picti.
1438 1049 1609 1133 Quid
1640 1049 1771 1116 sibi
1801 1050 1966 1115 haec
1996 1049 2210 1115 omnia
2241 1049 2520 1116 volunt?
2564 1050 2667 1115 De
2697 1050 3028 1116 industria

675 1158 944 1218 auctore
988 1151 1532 1235 Furtwaenglero
1594 1151 1676 1236 (p.
1722 1152 1832 1237 48)
1898 1152 2112 1233 pictor
2173 1152 2270 1217 ita
2338 1152 2698 1232 composuit
2764 1152 3029 1236 figuras

673 1273 841 1335 quae
910 1257 1177 1320 exstant
1235 1253 1300 1319 in
1361 1254 1579 1321 media
1638 1256 1991 1336 amphorae
2050 1259 2259 1338 parte,
2318 1260 2395 1320 ut
2454 1254 2785 1336 Orpheum
2836 1255 3026 1321 iuxta

673 1355 826 1422 Orci
885 1358 1038 1422 deos
1114 1361 1182 1422 et
1254 1362 1484 1423 contra
1559 1357 2010 1423 defunctorum
2084 1357 2433 1423 collocaret
2502 1357 2772 1423 iudices,
2860 1358 3027 1423 Nam

673 1460 933 1524 Aeacus
1001 1459 1445 1540 Triptolemus
1495 1459 2044 1525 Rhadamanthus
2110 1459 2395 1525 maxima
2455 1478 2600 1525 cum
2666 1460 3026 1526 severitate

672 1561 899 1627 ferunt
936 1561 1302 1628 sententias
1349 1565 1418 1627 et
1460 1561 1600 1644 pios
1646 1563 1729 1627 ab
1774 1561 1993 1643 impiis
2025 1566 2399 1644 segregant.
2474 1561 2774 1644 Orpheus
2806 1566 3027 1627 autem

674 1663 1074 1730 carminibus
1115 1664 1406 1730 homines
1465 1664 1740 1747 edocuit,
1799 1666 2113 1745 quomodo
2157 1665 2302 1731 vita
2361 1670 2592 1730 sancte
2649 1666 3025 1748 peragenda

672 1764 918 1832 inferos
989 1766 1120 1832 sibi
1185 1771 1452 1847 possent
1518 1766 1887 1850 conciliare,
1965 1771 2042 1832 ut
2113 1767 2440 1833 iudicibus
2507 1767 3025 1833 inexorabilibus

670 1868 1011 1949 placerent
1054 1873 1125 1934 et
1170 1871 1255 1933 ad
1297 1869 1547 1937 insulas
1591 1870 1931 1935 beatorum
1975 1869 2419 1935 mitterentur.
2507 1870 2616 1935 Ita
2664 1870 2736 1934 in
2796 1875 3025 1936 nostra

671 1989 927 2052 quoque
971 1970 1262 2053 imagine
1307 1971 1624 2038 Thracius
1667 1972 1780 2037 ille
1825 1973 2017 2037 heros
2062 1990 2191 2037 non
2237 1976 2313 2038 ut
2358 1990 2522 2039 uxor
2551 1971 2678 2039 sibi
2707 1974 3026 2038 reddatur

671 2092 714 2138 a
744 2073 1025 2139 Plutone
1055 2077 1124 2139 et
1154 2074 1553 2155 Proserpina
1594 2075 1767 2155 petit
1810 2112 1896 2120 —
1939 2093 2150 2154 neque
2197 2075 2368 2140 6111111
2400 2076 2592 2141 adest
2622 2075 2952 2157 Eurydice
2972 2074 3023 2160 1)

669 2212 770 2258 -—,
815 2178 930 2241 sed
973 2195 1092 2257 pro
1134 2177 1366 2243 nuntio
1398 2177 1619 2244 divino
1649 2175 2035 2243 mortalibus
2065 2179 2153 2242 ad
2187 2177 2679 2258 adipiscendam
2711 2195 3024 2243 summam

670 2277 1062 2344 felicitatem
1108 2280 1432 2346 audiendo
1494 2279 1915 2361 accipiendus
1959 2284 2078 2346 est.
2168 2280 2391 2364 Quare
2448 2299 2623 2345 nunc
2682 2279 2885 2345 etiam
2943 2281 3024 2346 de

672 2380 902 2463 figuris
991 2388 1140 2463 post
1221 2381 1549 2463 Orpheum
1646 2382 2332 2463 appropinquantibus
2405 2382 2636 2449 melius
2704 2382 3024 2448 iudicabi-

668 2500 828 2567 muS,
890 2501 1037 2547 cum
1095 2501 1224 2548 non
1282 2483 1415 2548 iam
1477 2482 1868 2568 dubitemuS,
1935 2484 2091 2566 quin
2147 2485 2332 2550 beati
2393 2484 2529 2550 sint
2575 2485 2866 2550 homines
2910 2484 3022 2566 qui

666 2585 1068 2652 sanctissimi
1133 2586 1490 2652 sacerdotis
1551 2586 1763 2652 secuti
1828 2586 2214 2670 religionem
2260 2593 2434 2653 sorte
2480 2586 2789 2653 fruantur
2832 2606 3021 2670 prae-

670 2688 1053 2755 clarissima.
1141 2688 1389 2773 Quodsi
1433 2690 1648 2755 crines
1710 2708 1948 2755 corona
1990 2694 2246 2755 murtea
2290 2691 2403 2756 ille
2446 2690 2551 2758 vir
2593 2690 2865 2772 premit,
2909 2690 3023 2770 qui

667 2795 860 2873 pater
930 2790 1214 2858 familias
1281 2785 1424 2859 esse
1489 2792 1784 2875 videtur,
1850 2811 1968 2874 pro
2034 2798 2214 2859 certo
2278 2792 2751 2858 affirmabimus
2815 2793 3021 2874 picto-

666 2914 807 2960 rem
872 2900 1236 2978 mystarum
1317 2894 1631 2961 doctrinis
1710 2894 1919 2961 fuisse
1980 2895 2332 2979 imbutum,
2416 2915 2570 2961 nam
2636 2914 2678 2961 a
2742 2895 3020 2960 Platone

668 2997 755 3082 (v.
787 3016 839 3063 c.
879 2999 959 3064 de
1000 2998 1277 3080 Republ.
1322 3017 1382 3079 p.
1428 2999 1556 3065 363
1599 2996 1687 3082 D)
1732 2998 1966 3064 beatos
2007 3017 2089 3064 ex
2134 2997 2559 3079 Orphicorum
2604 2997 3020 3078 opinionibus

669 3118 943 3166 coronas
1004 3104 1303 3182 gestasse
1365 3100 1436 3165 in
1493 3099 1747 3182 Elysiis
1806 3101 2053 3180 campis
2114 3100 2528 3185 edocemur‚2)
2604 3104 2673 3165 et
2729 3099 3023 3163 κόσκινον

669 3221 920 3283 quoque
964 3202 1146 3268 humi
1188 3202 1377 3286 iacet,
1419 3205 1503 3269 de
1540 3221 1664 3282 quo
1711 3202 2138 3283 Orphicorum
2189 3207 2510 3268 tormento
2556 3204 2732 3284 apud
2773 3201 3021 3268 inferos

667 3304 967 3372 adhibito
1011 3303 1184 3370 idem
1223 3304 1419 3370 Plato
1462 3304 1650 3371 nobis
1687 3304 1972 3370 tradidit
2015 3305 2395 3370 testimonia
2438 3305 2660 3389 (Gorg.
2690 3324 2751 3386 p.
2783 3305 2910 3371 493
2932 3305 3019 3386 B3

670 3408 749 3473 de
793 3406 1069 3487 Republ.
1120 3427 1181 3487 p.
1225 3407 1350 3473 363
1386 3406 1492 3492 D).
1580 3406 2021 3488 Triptolemus
2068 3406 2350 3487 denique
2396 3408 2480 3472 ad
2523 3406 3018 3472 Eleusinio-

666 3528 836 3574 rum
891 3509 1257 3590 exemplum
1315 3509 1385 3574 in
1443 3508 1685 3575 Minois
1745 3508 1926 3591 regis
1985 3508 2377 3574 odiosissimi
2435 3510 2645 3575 locum
2717 3513 3018 3589 receptus

668 3615 787 3694 est,
832 3616 905 3676 ut
950 3629 1170 3677 eorum
1210 3630 1461 3692 quoque
1506 3629 1841 3677 sacrorum
1899 3610 2210 3677 instituta
2264 3611 2648 3693 cognovisse
2701 3610 3024 3692 pictorem

665 3838 976 3901 commotus,
1012 3848 1175 3900 quam
1210 3831 1449 3886 refutare
1485 3831 1863 3887 difficillimum
1901 3832 2032 3887 erit:
2088 3832 2442 3900 spicarum
2478 3832 2622 3886 enim
2658 3847 2782 3886 eum
2817 3848 3021 3886 orna-

664 3923 744 3971 tu
760 3935 813 3972 m
851 3933 1000 3972 esse
1035 3933 1147 3971 cor
1162 3932 1241 3972 on
1256 3934 1289 3971 a
1322 3917 1543 3986 primuS,
1569 3921 1635 3971 ut
1658 3917 1895 3986 videtur,
1921 3917 2248 3972 observavit.
2304 3916 2452 3983 Quae
2477 3916 2525 3971 si
2547 3922 2693 3972 recte
2717 3933 2776 3972 se
2800 3917 3017 3985 habent,

665 4003 866 4072 optime
902 4002 1176 4071 quadrant
1211 4003 1281 4056 ad
1314 4002 1509 4057 Ervini
1544 4003 1730 4057 Rohde
1778 4003 2121 4065 sententiam,
2158 4002 2224 4056 dc
2260 4019 2369 4070 qua
2404 4019 2569 4070 supra
2603 4019 2654 4071 p.
2681 4002 2751 4056 40
2786 4001 3016 4071 egimus,

841 4089 882 4155 ¹)
917 4088 1001 4143 De
1038 4087 1248 4156 Orpheo
1283 4088 1592 4155 Eurydicen
1626 4088 1919 4143 reducente
1954 4089 2024 4142 ad
2060 4088 2195 4142 alias
2230 4104 2326 4142 nos
2368 4087 2545 4142 mittit
2578 4088 2822 4156 picturas
2854 4088 3017 4141 Furt-

663 4173 943 4243 waengler
976 4174 1011 4227 1.
1047 4190 1088 4228 s.
1125 4190 1177 4242 p.
1216 4173 1299 4227 49.

838 4258 880 4327 ²)
915 4259 1230 4314 Sacerdotes
1253 4258 1557 4313 Eleusinios
1580 4264 1823 4314 murteas
1846 4275 2067 4313 coronas
2091 4259 2398 4329 gestavisse
2421 4273 2489 4312 ex
2513 4258 2678 4312 schol.
2702 4258 2859 4326 Soph.
2885 4256 3015 4313 Oed.

665 4345 776 4399 Col.
811 4344 911 4399 681
949 4351 1191 4415 apparet.
1262 4344 1403 4401 Vide
1436 4345 1601 4400 etiam
1631 4341 1816 4413 Ἔφημ.
1854 4337 2087 4408 ἅρχαιολ.
2125 4343 2259 4397 1901
2296 4343 2408 4398 tab.
2444 4342 2491 4397 I.
