3475 5118
483 416 589 497 29]
1321 415 1402 468 De
1438 420 1771 469 mortuorum
1806 414 2007 469 iudicio
2743 420 2823 484 61

483 607 543 668 p.
581 587 665 652 54
687 586 744 651 B
782 585 1019 651 iterum
1065 584 1169 651 vis
1216 584 1468 668 afferre,
1525 586 1639 652 ubi
1692 587 1883 666 quasi
1928 593 2303 654 nascentem
2350 592 2839 656 commemorari

483 687 880 754 defensionis
926 687 1254 753 notionem
1296 688 1618 769 suspicati
1649 707 1928 754 eramus
2014 689 2108 754 Et
2138 688 2408 756 fuerunt
2436 694 2648 755 καινοί
2676 714 2840 770 τινες

482 791 587 855 καὶ
624 787 990 875 παράδοξοι
1035 795 1348 872 oratores,
1392 810 1544 857 nam
1577 791 1909 857 hominum
1959 792 2224 858 umbras
2269 799 2500 859 contra
2545 795 2723 876 ipsos
2767 797 2838 861 in

484 894 722 961 iudicio
767 893 1002 975 dicere,
1048 897 1123 958 ut
1176 893 1669 976 convincantur,
1712 913 1899 960 nemo
1931 895 2432 976 exspectaverit.
2520 897 2650 963 Sed
2681 899 2839 978 quia

486 1016 757 1078 corpora
802 1015 1059 1077 semper
1103 1002 1371 1061 secutae
1403 1001 1612 1079 erant,
1659 997 1902 1077 optime
1934 997 2088 1078 quid
2119 999 2546 1078 peccaverint
2591 1000 2839 1082 singuli

483 1099 788 1165 mortales
818 1103 1096 1180 possunt
1125 1099 1370 1185 scire.¹)
1431 1098 1723 1183 Quarum
1756 1100 2149 1166 testimoniis
2181 1101 2376 1166 nixus
2402 1102 2633 1183 Minos,
2665 1107 2837 1184 post-

487 1220 675 1282 quam
704 1200 918 1267 omnia
935 1201 1444 1285 diligentissime
1467 1203 1841 1284 perpendit,
1866 1205 2241 1286 sceleratOS,
2266 1208 2342 1268 ut
2376 1222 2648 1284 poenam
2677 1203 2837 1271 faci-

482 1322 706 1370 norum
740 1305 1038 1386 subeant,
1069 1307 1155 1369 ad
1178 1304 1520 1386 impiorum
1545 1304 1732 1370 iubet
1762 1305 1859 1371 ire
1890 1306 2237 1387 regionem.
2298 1306 2584 1373 Maxime
2618 1312 2834 1374 autem

488 1408 775 1488 idoneuS,
810 1425 934 1487 quo
966 1407 1229 1490 singula
1258 1408 1525 1489 planius
1559 1408 2054 1491 intellegantur,
2086 1409 2260 1474 alter
2291 1408 2610 1492 dialoguS,
2644 1410 2836 1476 Cata-

482 1512 628 1591 plus
673 1511 864 1576 titulo
909 1510 1297 1594 instructuS,
1342 1511 1532 1576 nobis
1581 1511 1827 1576 auxilio
1874 1511 2090 1576 venit:
2137 1515 2295 1577 ante
2339 1513 2837 1578 Rhadamanthi

482 1613 779 1678 tribunal
824 1633 1016 1693 quam
1075 1613 1412 1678 celerrime
1459 1614 1930 1694 Tisiphone
1994 1614 2351 1680 comitante
2414 1616 2673 1681 animae
2737 1635 2837 1681 co-

481 1721 742 1798 guntur.
831 1717 1185 1796 Postquam
1227 1734 1301 1780 eo
1335 1735 1573 1782 venere
1618 1716 1986 1782 Mercurius
2017 1735 2256 1797 praeco
2301 1717 2596 1799 singulas
2642 1724 2838 1784 vocat

484 1822 637 1883 ante
681 1819 929 1900 sellam,
974 1818 1149 1883 utin
1181 1837 1291 1883 eos
1321 1817 1715 1898 inquiratur.
1805 1820 1903 1884 Ac
1940 1821 2268 1900 prodeunt
2300 1825 2734 1903 accusatores,
2781 1821 2838 1886 si

487 1921 742 2000 quidem
762 1927 931 2003 sunt,
949 1939 1217 2000 quorum
1234 1920 1504 1986 intersit
1522 1940 1921 2005 enumerare,
1940 1926 2193 2002 quanta
2211 1922 2386 1988 vitia
2403 1921 2654 1987 fuerint
2680 1922 2838 2005 eiuS,

482 2042 670 2103 quem
710 2024 1141 2088 damnaturus
1184 2028 1288 2088 est
1324 2024 1890 2090 Rhadamanthus.
1952 2025 2080 2090 Sed
2112 2044 2255 2090 cum
2293 2026 2489 2090 iudex
2521 2025 2630 2091 vel
2662 2027 2839 2106 apud

480 2125 726 2192 inferos
749 2145 833 2191 ne
852 2126 1220 2207 decipiatur
1245 2145 1482 2193 cavere
1497 2133 1800 2208 oporteat
1819 2128 1954 2193 alia
1978 2133 2323 2208 praeterea
2344 2145 2550 2208 eaque
2568 2127 2837 2193 meliore

480 2229 696 2294 utitur
738 2228 1172 2311 cognoscendi
1216 2228 1504 2310 ratione3
1548 2248 1699 2294 nam
1747 2230 2241 2311 contemplando
2285 2229 2489 2311 ipsam
2551 2230 2837 2296 animam

479 2330 896 2398 vestimentis
940 2334 1279 2414 nudatam,
1322 2332 1500 2397 notis
1540 2332 2023 2412 cicatribusque
2068 2331 2401 2413 impressis
2445 2332 2836 2414 praeditam,

479 2438 700 2499 utrum
714 2453 940 2500 verum
958 2433 1206 2499 dixerit
1219 2453 1427 2499 necne
1453 2434 1821 2500 certissima
1845 2435 1988 2500 acie
2006 2435 2333 2501 oculorum
2348 2435 2669 2516 explorat.
2702 2435 2836 2501 Nec

480 2538 794 2618 quomodo
840 2540 1290 2603 accusatorem
1321 2534 1660 2620 dicentem,
1703 2555 1887 2603 reum
1918 2555 2063 2603 sese
2109 2537 2584 2622 defendentem,
2627 2542 2835 2604 testes

477 2640 664 2706 illum
683 2645 1117 2723 coarguentes
1147 2640 1278 2707 sibi
1300 2640 1570 2706 finxerit
1586 2641 1936 2723 LucianuS,
1960 2645 2035 2706 ut
2064 2642 2534 2723 comperiamus
2567 2641 2835 2707 auxiliis

481 2743 922 2809 destituimur.
957 2744 1274 2827 Cyniscus
1288 2743 1708 2825 philosophus
1723 2744 1988 2825 longam
2003 2744 2208 2810 habet
2223 2744 2479 2811 oration
2486 2762 2586 2809 em
2603 2749 2836 2809 contra

478 2846 988 2927 Megapenthem
1005 2851 1377 2930 tyrannum,
1399 2845 1510 2926 qui
1526 2846 2033 2912 Rhadamantho
2051 2865 2131 2911 ex
2149 2865 2223 2912 eo
2241 2847 2602 2929 quaerenti,
2619 2865 2833 2912 nonne

486 2965 556 3012 se
602 2967 679 3013 ea
725 2948 940 3014 omnia
983 2948 1379 3014 commisisse
1424 2949 1836 3032 confiteatur,
1892 2950 2247 3030 respondet
2293 2951 2525 3015 caedes
2570 2950 2831 3029 quidem

478 3069 549 3116 se
595 3049 834 3117 fecisse
877 3069 1008 3116 non
1051 3069 1318 3135 negare,
1363 3049 1620 3132 reliqua
1663 3070 1820 3120 vero
1867 3070 1938 3116 se
1981 3069 2244 3135 negare,
2289 3052 2440 3117 dum
2470 3050 2718 3117 Lectus
2765 3057 2834 3117 et

478 3151 781 3219 Lucerna
824 3158 1031 3219 testes
1077 3157 1498 3236 advocentur,
1542 3158 1620 3219 ut
1663 3173 1848 3220 reum
1886 3172 2154 3234 prorsus
2185 3154 2593 3221 convincant.
2603 3154 2653 3240 ²)
2726 3155 2832 3220 Iu-

481 3256 610 3321 dex
655 3256 933 3336 denique
977 3275 1060 3322 ne
1106 3256 1264 3336 quid
1307 3256 1591 3340 omittat,
1635 3256 2101 3339 Megapenthis
2148 3256 2514 3324 convictam
2549 3256 2833 3323 animam

478 3358 823 3437 permultis
881 3358 1058 3424 notis
1105 3359 1296 3439 quasi
1339 3358 1617 3425 obsitam
1684 3359 2042 3442 diligenter
2099 3358 2387 3442 inspicit,
2453 3378 2577 3439 quo
2622 3363 2834 3425 testes

657 3544 698 3612 ¹)
751 3545 894 3601 Vide
929 3547 1220 3601 Ernestum
1255 3547 1508 3614 Maass,
1563 3545 1658 3613 qui
1710 3545 1872 3613 Orph.
1921 3562 1972 3613 p.
2009 3544 2113 3599 218
2147 3545 2316 3599 adnot
2348 3544 2417 3599 22
2464 3546 2585 3615 egit
2619 3546 2686 3601 de
2732 3547 2835 3601 hoc

477 3629 708 3684 Luciani
749 3632 891 3685 loco:
942 3632 1056 3686 ‘Bei
1092 3631 1195 3686 den
1229 3631 1607 3701 Neugriechen
1641 3630 1718 3685 ist
1753 3631 1849 3684 der
1883 3631 2142 3685 Schatten
2178 3630 2348 3685 soviel
2383 3630 2463 3685 als
2499 3632 2595 3686 der
2629 3632 2835 3687 Genius

478 3715 570 3769 des
593 3715 881 3771 Menschen
919 3717 1000 3784 (Β.
1025 3716 1283 3786 Schmidt,
1307 3716 1639 3771 Volksleben
1671 3717 1767 3770 der
1787 3715 1972 3771 N.—Gr.
1996 3732 2048 3784 p.
2075 3715 2174 3769 181
2201 3715 2353 3784 sqq).
2422 3715 2574 3770 Nach
2599 3716 2835 3772 Herbert

477 3799 708 3868 Spencer
766 3801 1102 3871 (Prinzipien
1155 3802 1204 3855 d.
1263 3800 1560 3868 Soziologie
1612 3801 1642 3854 I
1711 3817 1836 3869 pag.
1889 3800 1991 3854 143
2015 3801 2154 3869 sqq.)
2210 3801 2310 3856 hat
2377 3817 2502 3855 zum
2548 3801 2833 3856 Instande-

476 3884 726 3939 kommen
772 3886 869 3941 der
901 3887 1258 3955 Vorstellung
1303 3903 1426 3941 vom
1473 3886 1705 3940 zweiten
1741 3886 1836 3940 Ich
1885 3885 2072 3955 (Seele)
2108 3885 2195 3940 bei
2242 3885 2558 3954 primitiven
2592 3887 2833 3941 Vtilkern

478 3970 618 4023 auch
652 3971 746 4025 der
781 3972 1051 4027 Umstand
1099 3972 1459 4041 mitgewirkt,
1505 3972 1610 4025 dass
1646 3973 1743 4026 der
1776 3972 1986 4040 Kdrper
2039 3971 2198 4026 einen
2234 3971 2493 4026 Schatten
2528 3971 2696 4027 wirft.
2764 3972 2832 4027 So

475 4053 620 4110 trifft
655 4056 750 4111 der
785 4057 1051 4113 Satiriker
1086 4057 1186 4111 mit
1240 4058 1360 4112 dem
1396 4056 1758 4126 Philosophen
1804 4072 2132 4111 zusammen.
2203 4057 2434 4124 Spencer
2479 4055 2620 4112 weiss
2666 4057 2834 4112 inter·

477 4147 692 4196 essante
728 4143 996 4211 Beispiele
1031 4160 1131 4198 aus
1167 4144 1287 4198 dem
1322 4143 1683 4197 Volkerleben
1718 4142 2090 4197 anzufiihren’.

653 4226 695 4296 ²)
732 4228 818 4282 An
855 4228 954 4283 hoc
991 4245 1057 4283 ex
1093 4228 1363 4283 comoedia
1397 4234 1634 4283 tractum
1676 4233 1775 4296 est,
1812 4227 1870 4282 in
1906 4243 2068 4295 quam
2106 4226 2497 4295 Aristophanes
2531 4226 2691 4295 Vesp.
2728 4226 2833 4281 963

475 4309 578 4375 τὴν
622 4312 979 4383 τυρόκνηστιν
1036 4319 1316 4382 tamquam
1376 4318 1570 4369 testem
1631 4312 1888 4368 induxit?
1974 4311 2186 4367 Similes
2232 4317 2404 4367 testes
2451 4311 2833 4367 describuntur

475 4396 677 4452 Lectus
713 4406 771 4452 et
805 4398 975 4454 Porta
1011 4415 1046 4453 a
1079 4400 1298 4454 Catullo
1332 4398 1382 4469 6,
1418 4399 1452 4452 6
1487 4404 1545 4453 et
1577 4398 1662 4468 67,
1697 4399 1757 4453 in
1793 4398 2015 4453 Anthol.
2050 4396 2170 4451 Pal.
2206 4397 2273 4466 V,
2312 4397 2358 4452 7.
