3475 5118
1002 1577 1428 1678 CAPVT
1495 1577 2129 1677 ALTERVM

1541 1867 1576 1932 I

557 2004 746 2068 Nunc
792 2004 878 2068 ad
925 2002 1210 2069 alterum
1253 2002 1448 2068 huius
1495 2002 1979 2070 dissertationis
2017 2009 2277 2085 partem
2321 2009 2739 2070 transeamus

391 2106 660 2172 etRom
677 2125 774 2171 an
790 2125 825 2171 0
841 2124 1007 2171 rum
1038 2126 1080 2187 p
1099 2124 1134 2170 o
1152 2125 1188 2171 e
1210 2110 1242 2170 t
1259 2125 1299 2171 a
1316 2125 1378 2188 S,
1402 2107 1596 2186 quale
1619 2107 1748 2173 sibi
1772 2105 2085 2173 finxerint
2106 2107 2405 2173 ultimum
2426 2107 2739 2173 iudicium

385 2209 876 2291 perlustramus
949 2209 1119 2274 Nam
1149 2213 1383 2290 poetae
1412 2207 1551 2275 fere
1597 2229 1820 2276 omnes
1866 2215 2020 2276 sunt
2067 2210 2129 2276 ei
2174 2210 2288 2291 qui
2317 2211 2490 2276 hanc
2533 2214 2739 2276 mate-

385 2311 555 2378 riam
577 2311 837 2378 omnino
863 2312 1250 2394 attigerunt.
1298 2312 1429 2377 Cur
1457 2311 1528 2377 id
1556 2312 1715 2377 mihi
1744 2313 2043 2380 evenisse
2077 2313 2399 2396 videatur,
2423 2313 2742 2395 explicem

387 2434 584 2496 quam
612 2414 1002 2482 brevissime
1032 2420 1275 2495 potero.
1363 2415 1443 2480 In
1473 2415 1617 2496 ipso
1648 2414 1820 2481 enim
1848 2416 2089 2499 limine,
2120 2420 2196 2481 ut
2223 2415 2323 2481 ita
2355 2415 2585 2500 dicam,
2616 2434 2742 2497 quo

392 2521 479 2585 ad
511 2524 811 2585 auctores
839 2517 1273 2602 perducimur,
1308 2537 1467 2601 quos
1496 2519 1684 2586 nobis
1714 2523 2099 2587 tractandos
2131 2519 2464 2603 elegimuS,
2509 2518 2740 2586 statim

388 2622 786 2688 Ciceroni
831 2621 1081 2688 oratori
1123 2621 1226 2686 illi
1256 2622 1621 2689 clarissimo
1652 2624 2064 2708 occurrimus,
2108 2623 2221 2705 qui
2250 2623 2563 2689 iudicium
2592 2628 2744 2705 post

391 2730 665 2791 mortem
718 2724 864 2790 fieri
921 2743 1187 2806 prorsus
1249 2727 1537 2807 denegat
1592 2726 1661 2790 in
1724 2726 2053 2792 Tuscul.
2116 2726 2322 2807 disp.
2367 2726 2418 2809 Ι,
2461 2727 2531 2792 6:
2599 2726 2742 2792 ‘Dic

391 2846 652 2911 quaeso,
709 2847 865 2893 num
922 2835 994 2894 te
1051 2827 1172 2893 illa
1215 2832 1489 2910 terrent,
1547 2828 1797 2910 triceps
1858 2832 2034 2911 apud
2091 2829 2336 2897 inferos
2402 2829 2741 2912 CerberuS,

390 2931 619 3013 Cocyti
662 2930 965 2997 fremitus
1018 2982 1032 2997 .
1077 2982 1092 2997 .
1136 2981 1151 2997 .
1195 2929 1479 2996 fortasse
1509 2930 1711 2996 etiam
1742 2931 2181 2998 inexorabiles
2211 2932 2482 3016 iudiceS,
2525 2932 2740 2998 Minos

389 3037 461 3100 et
504 3034 1055 3100 Rhadamanthus
1071 3032 1120 3099 P'
1166 3032 1431 3114 quaerit
1473 3033 1617 3115 ipse
1676 3034 1762 3100 ab
1808 3034 2086 3100 Antonio
2147 3035 2585 3116 adulescente,
2628 3033 2741 3116 qui

389 3139 773 3218 respondet:
817 3135 1104 3202 ‘Adeone
1141 3155 1244 3202 me
1276 3136 1562 3202 delirare
1593 3155 1837 3221 censeS,
1881 3143 1957 3202 ut
1985 3137 2119 3203 ista
2150 3157 2295 3204 esse
2341 3140 2604 3204 credam
2619 3136 2669 3203 ’θ’
2690 3136 2741 3223 1)

389 3240 619 3321 Neque
679 3238 877 3305 aliter
920 3238 1241 3305 Seneca
1298 3240 1367 3304 in
1417 3241 1735 3306 Consol.
1798 3243 1899 3306 ad
1964 3241 2372 3307 Marciam
2416 3242 2604 3325 XIX,
2669 3243 2741 3307 4:

389 3342 643 3425 ‘Cogita
686 3341 891 3407 nullis
938 3342 1317 3408 defunctum
1373 3342 1568 3408 malis
1630 3343 1841 3426 adfici,
1899 3343 2019 3409 illa
2064 3363 2233 3425 quae
2263 3343 2451 3411 nobis
2496 3344 2741 3410 inferos

388 3444 649 3511 faciunt
687 3444 1036 3527 terribileS,
1068 3444 1363 3511 fabulam
1393 3464 1554 3528 esse,
1599 3446 1819 3513 nullas
1863 3445 2205 3512 imminere
2250 3445 2525 3512 mortuis
2558 3450 2740 3512 tene-

387 3549 545 3613 bras
589 3566 712 3613 nec
758 3566 1086 3613 carcerem
1131 3566 1253 3612 nec
1294 3547 1564 3613 flumina
1608 3548 1764 3630 igne
1808 3548 2169 3631 flagrantia
2229 3568 2348 3615 nec
2393 3548 2742 3616 oblivionis

389 3669 645 3716 amnem
689 3669 810 3715 nec
852 3650 1219 3715 tribunalia
1261 3668 1383 3715 nec
1432 3669 1578 3716 reos
1623 3700 1638 3716 .
1682 3700 1697 3716 .
1741 3669 1913 3717 mors
1961 3653 2248 3718 dolorum
2291 3651 2572 3717 omnium
2631 3670 2743 3718 ex-

388 3753 624 3819 solutio
643 3756 746 3818 est
762 3757 829 3817 et
842 3752 1083 3839 finis’.‘³')
1143 3751 1505 3818 Stoicorum
1551 3752 1723 3818 enim
1770 3758 1838 3819 et
1859 3753 2332 3834 Epicureorum
2378 3753 2743 3820 doctrinam

564 3923 603 3991 1)
639 3922 779 3978 Vide
826 3922 991 3977 etiam
1027 3939 1122 3991 pro
1159 3923 1343 3990 Quint.
1382 3925 1414 3992 ξ
1451 3923 1565 3976 171.
1602 3954 1670 3962 -
1706 3923 1977 3990 Quomodo
2026 3940 2083 3979 se
2129 3924 2427 3980 defendant
2471 3925 2552 3980 rei
2598 3925 2742 3993 apud

386 4009 590 4063 inferos
627 4008 809 4063 Cicero
845 4008 879 4062 1.
917 4024 958 4061 s,
994 4008 1038 4077 Ι,
1077 4008 1143 4061 10
1179 4009 1424 4078 exponit3
1463 4010 1588 4064 vide
1622 4009 1772 4063 infra
1804 4026 1856 4077 p.
1893 4010 1977 4064 84.

564 4094 604 4162 ²)
641 4095 781 4150 Vide
817 4095 1056 4149 eiusdem
1093 4094 1250 4163 epist.
1299 4111 1429 4150 mor.
1466 4096 1549 4165 24,
1589 4094 1669 4149 18.
1707 4125 1775 4133 —
1810 4095 2023 4150 Addam
2071 4096 2236 4151 etiam
2285 4096 2554 4152 Aetnae
2600 4096 2741 4163 quod

388 4186 620 4236 vocatur
654 4180 906 4234 carminis
942 4196 1133 4235 versus
1166 4180 1293 4235 inde
1329 4197 1381 4235 v.
1418 4182 1511 4234 74:

798 4266 929 4319 haec
965 4270 1051 4321 est
1085 4266 1359 4321 mendacis
1394 4268 1628 4336 vulgata
1662 4266 1887 4321 licentia
1922 4266 2128 4335 famae,

690 4350 759 4404 75
794 4351 1017 4406 vatibus
1052 4351 1335 4421 ingenium
1373 4357 1431 4407 et
1464 4352 1590 4407 hinc
1627 4352 1783 4408 audit
1816 4351 1996 4407 nobile
2030 4368 2262 4407 carmen.
