3475 5118
733 354 855 421 102
1787 354 1849 409 L.
1885 354 2034 409 Ruhl
2980 358 3092 446 [το

905 525 1224 593 Gallim.
1264 525 1484 609 hymn.
1529 525 1599 592 in
1641 524 1783 592 Cer.
1829 526 1913 592 53
1928 544 2066 607 sqq.

902 645 1350 730 Erysichthon
1392 645 1649 712 frustra
1694 648 2082 712 admonetur
2112 664 2153 711 a
2184 644 2440 730 Cerere,
2485 663 2569 711 ne
2597 663 2857 712 sacram
2902 648 3092 713 arbo-

727 767 867 815 rem
910 750 1169 832 caedat,
1214 748 1329 830 qui
1369 766 1497 814 non
1542 747 1904 814 deterritus
1949 748 2153 814 etiam
2200 750 2366 815 deae
2409 749 2796 831 respondet:

843 880 1076 968 ’χάζευ,
1120 929 1135 947 .
1177 929 1192 946 .
1231 884 1320 970 μή
1360 906 1464 949 τοι
1504 882 1777 948 πέλεκυν
1816 852 2015 968 μέγαν
2059 882 2125 948 ἐν
2166 884 2323 970 χροῒ
2355 884 2549 964 παξῶ
2595 937 2610 952 .
2656 881 2694 951 .'

729 997 800 1053 56
850 979 1031 1051 εἶπεν
1075 985 1110 1050 ὃ
1151 995 1331 1063 παῖς,
1375 989 1741 1068 Νέμεσις
1783 983 1869 1050 δὲ
1912 986 2172 1051 κακὰν
2219 985 2654 1073 ἐγράψατο
2700 987 3002 1072 φωνάν.

903 1123 1070 1190 Nic.
1114 1123 1493 1190 Damaso.
1555 1123 1769 1209 (ΒΗΘ
1812 1124 1919 1190 ΙΠ
1960 1143 2020 1206 p.
2064 1123 2219 1209 378)
2263 1123 2390 1209 frg.
2435 1126 2535 1191 43.
2623 1125 2894 1207 Lycaon
2951 1124 3091 1191 suis

730 1226 1065 1293 narravit:
1136 1223 1245 1289 τὸν
1316 1227 1445 1289 Δία
1517 1223 1849 1290 ἑκάστοτε
1881 1237 2114 1311 φοιτᾶν
2184 1225 2345 1311 παρ’
2418 1224 2605 1290 αὑτὸν
2671 1224 2857 1313 ἀνδρὶ
2926 1227 3087 1310 ξένῳ

731 1326 1169 1410 ὁμοιούμενον,
1233 1326 1325 1404 εἰς
1366 1324 1617 1412 ἔποψιν
1654 1339 1784 1392 τῶν
1829 1325 2094 1393 δικαίων
2129 1351 2200 1393 τε
2243 1327 2356 1392 καὶ
2399 1327 2656 1393 ἀδίκων.

903 1465 1271 1531 Plautus
1328 1465 1526 1532 Rud.
1584 1486 1648 1534 v.
1708 1466 1750 1532 6
1805 1484 1947 1548 sqq.
2008 1465 2350 1548 Diphilum
2408 1471 2673 1533 secutus
2729 1466 3090 1533 Arcturum

733 1566 1056 1634 dicentem
1107 1566 1302 1634 facit:

965 1704 1181 1770 Noctu
1226 1723 1369 1770 sum
1412 1704 1483 1770 in
1528 1705 1711 1771 caelo
1757 1705 1977 1771 clarus
2023 1708 2226 1785 atque
2269 1704 2444 1770 inter
2490 1706 2659 1789 deos,

965 1806 1144 1873 inter
1185 1806 1483 1873 mortalis
1528 1806 1791 1873 ambulo
1841 1807 2186 1874 interdius.

965 1909 1061 1976 At
1103 1909 1242 1976 alia
1284 1909 1476 1993 signa
1520 1911 1604 1976 de
1645 1910 1829 1976 caelo
1874 1911 1961 1975 ad
2001 1914 2249 1976 terram
2297 1909 2623 1976 accidunt.

967 2012 1097 2096 Qui
1141 2016 1246 2078 est
1287 2011 1649 2095 imperator
1693 2012 1913 2079 divom
1957 2016 2160 2093 atque
2203 2012 2533 2079 hominum
2577 2012 2879 2097 Iuppiter
2900 2013 2953 2098 ¹)

856 2126 927 2181 10
966 2115 1028 2181 is
1071 2133 1188 2181 nos
1229 2134 1350 2196 per
1390 2115 1614 2198 gentis
1658 2115 1863 2182 alium
1908 2115 2044 2181 alia
2087 2115 2405 2198 disparat,

968 2217 1082 2300 qui
1125 2217 1311 2284 facta
1356 2218 1702 2302 hominum,
1746 2237 1972 2303 mores,
2017 2218 2336 2302 pietatem
2384 2223 2454 2285 et
2486 2218 2680 2285 fidem

967 2339 1328 2406 noscamus,
1373 2325 1450 2387 ut
1494 2340 1817 2404 quemque
1863 2320 2136 2389 adiuvet
2180 2320 2541 2403 opulentia.

970 2423 1102 2507 Qui
1148 2423 1358 2491 falsas
1401 2423 1542 2491 litis
1584 2424 1777 2491 falsis
1817 2424 2215 2491 testimoniis

966 2529 1206 2609 petunt
1249 2526 1492 2609 quique
1531 2527 1605 2594 in
1647 2526 1791 2595 iure
1837 2527 2152 2595 abiurant
2194 2526 2559 2611 pecuniam,

862 2639 931 2694 15
976 2647 1196 2696 eorum
1240 2629 1589 2696 referimus
1635 2630 1901 2697 nomina
1946 2630 2286 2713 exscripta
2325 2617 2420 2697 ¹ad
2463 2630 2688 2698 Iovem
2740 2679 2754 2695 .
2799 2680 2813 2696 .

861 2743 930 2797 21
973 2731 1189 2799 Bonos
1230 2731 1301 2798 in
1347 2732 1500 2799 aliis
1541 2733 1792 2799 tabulis
1838 2733 2203 2816 exscriptos
2252 2733 2477 2799 habet.

846 2852 852 2857 ¹
907 2870 961 2934 Z
982 2871 1213 2937 enob.
1237 2870 1352 2954 IV,
1400 2872 1510 2937 11:
1552 2868 1589 2934 ὅ
1631 2870 1795 2946 Ζεὺς
1835 2867 2087 2934 κατεῖδε
2128 2869 2385 2956 χρόνιος
2424 2869 2519 2947 εἰς
2559 2868 2676 2945 τὰς
2717 2866 3093 2954 διφθέρας·

736 2970 836 3035 ὅτι
880 2970 995 3035 οὐκ
1035 2969 1403 3058 ἀπρονόητα
1455 2972 1574 3037 κᾶν
1628 2971 1925 3058 βραδέως
1964 2971 2005 3056 ἡ
2049 2970 2195 3058 δίκη
2250 2972 2400 3048 τοὺς
2448 2971 2772 3057 πονηροὺς
2826 2975 3092 3053 μέτεισι.

733 3072 899 3138 Φασὶ
941 3072 1064 3160 γὰρ
1104 3072 1216 3137 τὸν
1258 3077 1388 3138 Δία
1416 3071 1511 3151 εἰς
1554 3072 1881 3162 διφθέρας
1920 3075 2097 3152 τινὰς
2135 3072 2648 3162 ἀπογράφεσθαι
2687 3073 2769 3138 τὰ
2820 3074 3095 3159 πραττό-

733 3196 894 3256 μενα
938 3186 1077 3253 τοῖς
1122 3173 1520 3261 ἀνθρώποις.
1997 3254 2000 3259 .

896 3294 969 3411 ‘D
985 3295 1012 3360 i
1030 3315 1066 3362 o
1080 3314 1126 3379 g
1143 3315 1179 3380 e
1195 3315 1255 3362 n.
1314 3296 1391 3380 V,
1452 3296 1536 3363 95
1616 3296 1873 3379 profert
1930 3297 2103 3387 idem
2162 3298 2587 3379 proverbium
2662 3301 2732 3390 et
2788 3294 3094 3364 similiter

735 3397 1088 3567 GXPhIssggin
1126 3501 1249 3585 III,
1279 3502 1349 3567 2:
1379 3499 1798 3587 Ἀρχαιότερα
1825 3509 1934 3587 τῆς
1961 3499 2288 3587 διφθέρας
2315 3501 2550 3585 λέγεις·
2582 3498 2694 3565 ἐπὶ
2719 3511 2845 3566 τῶν
2876 3500 3096 3584 σαθρά

735 3624 877 3666 τινα
920 3602 1031 3666 καὶ
1070 3602 1258 3689 μωρὰ
1303 3601 1751 3690 διηγουμένων.
1841 3602 1929 3668 Ἦ
1965 3602 2087 3690 γὰρ
2131 3603 2445 3691 διφθέρα,
2489 3599 2626 3689 ἐνῇ
2664 3603 2840 3669 δοκεῖ
2870 3602 2905 3667 ὅ
2931 3602 3096 3679 Ζεὺς

736 3702 1252 3790 ἀπογράφεσθαι
1294 3703 1376 3768 τὰ
1417 3705 1735 3789 γινόμενα,
1780 3706 2226 3788 παμπάλαιος.

907 3841 1176 3907 Schol.
1221 3841 1518 3909 Venet.
1563 3844 1619 3909 B
1669 3847 1771 3910 ad
1814 3844 1892 3909 Il.
1940 3845 2002 3910 A
2049 3845 2205 3911 175:
2252 3841 2287 3907 ὃ
2326 3844 2487 3920 Ζεὺς
2531 3840 2781 3907 κατεῖδε
2824 3894 2839 3909 .
2872 3888 2887 3904 .
2921 3888 2937 3904 .
2980 3839 3095 3906 ἐπὶ

733 3954 860 4007 τῶν
901 3963 1064 4007 ποτε
1106 3941 1545 4027 ἀμειβομένων
1601 3942 1765 4032 ὑπὲρ
1825 3941 1917 4009 ὧν
1971 3948 2329 4031 πράττουσι
2384 3944 2595 4010 καλῶν
2634 3942 2674 4028 ἢ
2717 3955 2946 4018 κακῶν,
2994 3943 3095 4009 ὅτι

737 4046 851 4112 οὐκ
887 4044 1257 4132 ἀπρονόητα
1304 4068 1465 4133 φησι
1499 4047 1579 4112 τὰ
1621 4050 1854 4122 πάντα,
1900 4047 2064 4112 ἀλλὰ
2101 4049 2211 4114 τὸν
2242 4052 2371 4113 Δία
2413 4046 2506 4127 εἰς
2548 4047 2877 4136 διφθέρας
2915 4046 3095 4123 τινὰς

735 4147 1253 4234 ἀπογράφεσθαι
1292 4152 1403 4214 καί
1440 4170 1605 4216 ποτε
1648 4148 1994 4232 ἐπεξιέναι.

911 4336 951 4407 ¹)
986 4353 1038 4392 v.
1075 4337 1213 4391 6—9
1247 4338 1435 4394 delent
1467 4338 1532 4394 F.
1566 4339 1724 4394 Marx
1760 4345 1820 4394 et
1853 4339 1915 4394 F.
1951 4338 2079 4394 Leo.
