3475 5118
655 427 745 494 36
1701 423 1764 476 L.
1801 422 1951 477 Ruhl
2945 424 3011 511 [4

829 595 1186 678 Neminem,
1216 593 1329 675 qui
1358 594 1478 660 hoc
1511 611 1777 659 carmen
1816 591 2193 676 perlegerit,
2224 592 2495 676 effugiet
2530 593 2724 678 longe
2764 594 3013 661 alienas

661 701 746 764 ab
770 700 1051 764 Homero
1080 697 1297 764 inesse
1327 696 1390 763 ei
1417 695 1755 778 opiniones
1788 697 1869 762 de
1897 695 2205 777 praemiis
2229 700 2298 761 et
2319 695 2544 778 poenis
2568 700 2719 780 post
2740 701 3015 764 mortem

663 799 1105 867 attribuendis
1137 798 1590 865 defunctorum
1621 797 1875 882 animiS,
1906 817 2076 879 quae
2106 797 2292 881 ipsae
2331 819 2588 882 quoque
2615 818 2787 867 nova
2810 806 3013 881 atque

658 903 964 970 inaudita
978 907 1222 969 natura
1238 906 1393 967 sunt
1404 901 1767 983 praeditae.
1784 901 2026 967 Eorum
2046 901 2217 968 enim
2235 904 2615 987 doctrinam,
2631 903 2744 985 qui
2762 904 2845 970 ab
2864 903 3013 969 aliis

659 1011 808 1088 post
853 1005 1063 1072 vitam
1109 1007 1198 1070 ad
1242 1003 1379 1070 alia
1421 1022 1693 1085 corpora
1733 1010 1881 1069 tran
1890 1004 2023 1070 sire
2067 1004 2320 1071 animas
2360 1007 2860 1089 contendebant,
2912 1025 3011 1072 se-

662 1114 851 1175 cutus
912 1113 1013 1174 est
1056 1108 1386 1174 Pindarus
1436 1106 1551 1190 ita,
1596 1111 1686 1190 ut,
1741 1125 1909 1188 quae
1953 1106 2137 1175 vitiis
2189 1109 2560 1175 maculatae
2606 1114 2842 1193 essent,
2900 1128 3012 1176 eas

659 1214 837 1294 apud
890 1211 1135 1276 inferos
1186 1209 1645 1294 gravissimum
1697 1208 2009 1276 iudicium
2061 1209 2286 1277 subire
2336 1218 2711 1295 exponeret,
2779 1212 3014 1278 deinde

658 1318 881 1381 autem
910 1313 1127 1380 redire
1151 1313 1223 1379 in
1251 1316 1511 1395 terram,
1541 1312 1656 1377 ubi
1678 1316 1948 1393 propter
1978 1313 2223 1378 delicta
2253 1316 2429 1396 apud
2457 1313 2703 1381 inferos
2733 1314 3015 1380 admissa

659 1417 1069 1500 punirentur,
1135 1418 1285 1481 dum
1352 1415 1529 1487 illae,
1598 1434 1770 1495 quae
1836 1419 1941 1481 ter
2008 1415 2354 1497 utrobique
2420 1423 2650 1483 sancte
2708 1423 3013 1498 casteque

660 1520 889 1589 vivere
948 1519 1347 1601 potuissent,
1425 1520 1511 1583 ad
1567 1519 1912 1583 beatorum
1970 1518 2396 1599 pervenirent
2466 1519 2717 1586 insulas
2789 1519 3013 1600 ibique

662 1623 735 1688 in
791 1622 1005 1705 pratis
1048 1621 1398 1704 purpureis
1456 1619 1874 1686 felicissimae
1917 1626 2343 1687 versarentur
2386 1627 2456 1688 et
2506 1621 3013 1689 clarissimorum

664 1728 1013 1792 uterentur
1055 1725 1320 1791 heroum
1369 1722 1853 1789 consuetudine.

833 1828 1051 1908 Atque
1108 1826 1346 1892 iudicis
1403 1825 1707 1908 fungitur
1751 1844 2019 1892 munere
2052 1825 2311 1909 Ἀνάγκα
2355 1829 2498 1911 dea,
2555 1845 2725 1908 quae
2769 1830 3016 1908 quanta

663 1929 1065 1996 auctoritate
1127 1928 1331 1995 fuerit
1401 1918 1734 1994 Maassius
1794 1928 1834 1993 l.
1900 1947 1950 1994 s.
2016 1933 2087 1995 et
2149 1929 2631 2011 Dieterichius,
2698 1929 3013 1995 Mithras-

662 2033 973 2115 Liturgie
1016 2052 1077 2113 p.
1121 2033 1207 2098 59
1249 2030 1462 2097 fusius
1508 2035 1968 2112 exposuerunt.

834 2135 964 2201 Sed
994 2136 1307 2214 quomodo
1336 2132 1457 2199 fiat
1486 2133 1651 2199 illud
1672 2133 2007 2216 iudicium,
2036 2132 2299 2199 minime
2328 2136 2684 2200 edocemur.
2730 2136 3012 2201 Tantum

662 2238 854 2303 abest
899 2242 975 2303 ut
1018 2237 1281 2320 singula
1323 2236 1815 2319 perspiciamus,
1859 2241 1937 2302 ut
1980 2236 2102 2302 hoc
2143 2239 2408 2302 tantum
2452 2256 2570 2318 pro
2615 2241 2797 2303 certo
2835 2236 3011 2302 affir-

663 2358 846 2406 mare
889 2340 1225 2422 possimus,
1269 2339 1328 2404 si
1354 2339 1566 2406 locum
1594 2341 1782 2405 modo
1827 2338 2228 2421 propositum
2257 2339 2749 2424 perlegerimuS,
2792 2341 3015 2407 valere

660 2442 848 2508 dirae
878 2440 1311 2507 Necessitatis
1343 2442 1712 2507 sententias
1745 2444 1830 2507 ad
1873 2442 2235 2508 animarum
2278 2461 2469 2523 quam
2517 2443 2745 2509 dicunt
2774 2442 3016 2509 transi-

659 2545 910 2612 tionem
965 2544 1081 2628 ita,
1141 2548 1215 2610 ut
1273 2548 1344 2611 et
1409 2547 1723 2626 peractae
1790 2544 1977 2612 vitae
2042 2550 2396 2627 poscantur
2459 2545 2751 2612 rationes
2817 2549 3015 2627 atque

660 2649 1083 2731 imponantur
1123 2648 1308 2731 leges
1346 2647 1795 2715 instituendae
1826 2667 2054 2715 novae.
2141 2648 2535 2730 Priusquam
2578 2653 2797 2716 autem
2843 2651 3015 2715 unde

662 2751 1085 2818 transtulerit
1128 2769 1242 2817 eas
1302 2751 1640 2832 opiniones
1681 2751 2013 2817 Pindarus
2073 2750 2485 2831 coniciamuS,
2547 2754 2633 2818 ad
2670 2753 3012 2818 Platonem

661 2858 1139 2922 convertamus,

1786 3007 1892 3074 III

833 3144 1118 3227 Plato,
1164 3142 1277 3224 qui
1338 3145 1544 3211 multo
1608 3144 1870 3225 planius
1928 3145 2068 3227 egit
2112 3146 2193 3210 de
2253 3149 2650 3210 mortuorum
2695 3144 3016 3212 tribunali

665 3251 735 3313 et
792 3245 1223 3313 fundamenta
1265 3251 1342 3312 ut
1400 3246 1500 3312 ita
1546 3246 1757 3312 dicam
1802 3245 1977 3330 iecit,
2037 3246 2271 3327 quibus
2312 3247 2704 3328 posteriores
2748 3254 3016 3329 possent

667 3348 1035 3415 aedificium
1078 3347 1426 3433 imponere,
1472 3351 1550 3415 de
1593 3348 1839 3415 iudicio
1886 3368 2029 3414 cum
2072 3349 2613 3433 metempsychosi
2673 3351 3016 3417 coniuncto

662 3553 956 3622 significat,
993 3553 1088 3621 qui
1122 3559 1345 3622 propter
1379 3554 1631 3608 honorem
1668 3554 1769 3607 deo
1804 3551 2041 3608 vicinam
2082 3560 2276 3609 nactus
2314 3561 2399 3610 est
2434 3556 2612 3611 sedem
2650 3556 2810 3626 (locos
2834 3556 2959 3611 vide
2984 3572 3017 3610 a

663 3638 873 3693 Rohdio
891 3639 927 3692 1.
949 3654 989 3692 s.
1015 3639 1301 3707 collectos).
1355 3639 1609 3693 Ceterum
1632 3639 1699 3693 de
1723 3638 1870 3694 vocis
1898 3638 2174 3695 iudicandi
2198 3640 2595 3710 significatione
2618 3640 2857 3696 uoniam
2883 3657 3017 3709 opus

665 3723 773 3779 erit
821 3723 1114 3792 ambigere,
1167 3739 1289 3778 cum
1340 3724 1822 3781 Rhadamanthum
1858 3724 1964 3779 alio
2013 3726 2243 3792 quodam
2280 3741 2438 3780 sensu
2473 3726 2705 3781 iudicem
2743 3727 3017 3795 appellare

664 3807 819 3864 nobis
852 3808 1033 3877 liceat,
1071 3808 1212 3875 quod
1247 3808 1521 3864 invenisse
1556 3808 1777 3864 videtur
1812 3809 2250 3865 Schneidewinus
2298 3810 2355 3880 (l.
2393 3827 2435 3864 s.
2470 3827 2522 3879 p.
2559 3811 2675 3881 45):
2715 3811 3017 3880 „Pindarus

665 3892 843 3961 Elysii
864 3893 1055 3948 heroas
1091 3893 1249 3960 quasi
1270 3895 1574 3962 praeclaros
1609 3899 1925 3963 certatores,
1962 3895 2057 3962 qui
2079 3911 2262 3950 omnes
2286 3892 2491 3949 ἄθλους
2525 3912 2647 3950 cum
2681 3897 2845 3952 laude
2868 3912 3018 3966 pere-

663 3979 864 4049 gerint,
886 3980 1786 4047 caputmanusquecoronisornare
1805 3980 1940 4035 dicit
1969 3981 2046 4035 de
2082 3982 2449 4036 sententia
2482 3982 3015 4038 Rhadamanthi.

664 4065 920 4133 Regnum
943 4069 1136 4119 tenens
1159 4063 1427 4120 Saturnus
1445 4064 1612 4120 etiam
1628 4065 1890 4121 iudicium
1915 4072 2131 4122 exercet
2147 4082 2294 4121 more
2312 4083 2520 4136 regum,
2547 4084 2811 4123 assessore
2833 4073 3019 4123 tamen

648 4149 1100 4217 ·Rhadamantho,
1138 4192 1151 4204 .
1190 4192 1202 4204 .
1237 4149 1325 4204 hic
1358 4149 1536 4219 igitur
1571 4151 1726 4218 quasi
1774 4167 2016 4206 summus
2051 4152 2273 4206 heroum
2304 4148 2717 4206 Ἑλλανοδίκαι(
2789 4154 2868 4208 Ut
2901 4153 3019 4208 bre·

664 4235 811 4291 viter
869 4236 1341 4304 comprehendam:
1401 4236 1670 4291 Saturnus
1730 4236 1809 4305 (et
1854 4238 2027 4306 Rhea)
2075 4242 2133 4292 et
2190 4238 2642 4294 Rhadamanthus
2697 4239 2757 4294 in
2815 4238 3019 4306 Elysiis

664 4320 868 4390 campis
905 4321 1184 4376 beatorum
1219 4321 1397 4376 thiaso
1444 4328 1574 4377 sunt
1609 4323 1873 4391 praefecti
1917 4339 2093 4391 neque
2128 4340 2216 4379 eos
2252 4329 2352 4379 aut
2384 4341 2550 4379 unum
2590 4342 2657 4380 ex
2692 4325 2768 4379 eis
2816 4325 2882 4379 de
2928 4324 3020 4378 ho-

667 4406 875 4461 minum
927 4407 1079 4462 vitiis
1114 4409 1256 4462 ferre
1302 4408 1605 4464 sententias
1659 4408 1974 4465 concludere
2009 4409 2155 4465 licet.
