3475 5118
340 381 450 468 31]
1183 383 1266 437 De
1301 392 1636 437 mortuorum
1672 382 1870 437 iudicio
2613 385 2696 449 63

345 552 511 619 satis
559 555 868 618 accurate
913 556 1016 617 est
1062 550 1478 633 descriptum.
1567 551 1767 618 Haud
1813 572 2002 618 secus
2047 572 2124 618 ac
2153 554 2697 620 Rhadamanthus

340 655 557 721 Minos
605 654 817 720 frater
861 653 931 719 in
979 656 1202 719 eodem
1242 653 1567 719 tribunali
1612 655 1861 735 duplici
1904 654 2204 738 fungitur
2248 655 2489 722 officio:
2537 656 2697 723 item

344 763 414 824 et
457 757 634 823 inter
676 757 853 839 ipsos
911 761 1198 821 mortuos
1231 756 1395 822 dicit
1446 756 1567 840 ius,
1602 761 1679 822 ut
1708 757 1979 824 Homeri
2024 757 2163 843 (Od.
2199 759 2318 841 XI,
2364 761 2489 824 567
2537 760 2699 844 sqq.)

344 860 871 940 reminiscamur,
938 859 1057 924 hoc
1117 857 1281 924 facit
1340 858 1492 925 dial.
1551 864 1737 926 mort.
1801 861 1955 943 XII,
2022 861 2135 927 ubi
2200 862 2572 928 Alexander
2631 867 2700 928 et

343 963 678 1029 Hannibal
724 965 805 1027 de
848 961 1228 1043 principatu
1274 966 1606 1028 certantes
1655 982 1696 1027 a
1739 963 1957 1028 Minoe
2002 968 2254 1046 petunt,
2300 970 2375 1030 ut
2414 970 2698 1047 censeat,

344 1065 482 1130 utri
526 1065 618 1131 sit
661 1063 1141 1130 attribuendus
1231 1065 1596 1130 Praeterea
1632 1065 1887 1131 arbiter
1930 1066 2280 1132 institutus
2320 1071 2423 1132 est
2468 1066 2699 1132 iudicii

345 1171 518 1248 quod
563 1166 839 1233 dicimus
884 1166 1116 1232 ultimi.
1203 1167 1487 1232 Frustra
1531 1172 1753 1233 autem
1799 1167 2131 1249 explicare
2178 1169 2538 1251 conaberiS,
2585 1189 2700 1234 cur

342 1273 531 1336 modo
583 1269 804 1351 Minoi,
862 1273 1049 1336 modo
1092 1270 1594 1336 Rhadamantho
1648 1270 1981 1336 Lucianus
2033 1271 2393 1338 tradiderit
2445 1272 2699 1338 animas

346 1375 891 1439 condemnandas.

516 1543 773 1624 Restat,
830 1546 907 1607 ut
967 1545 1047 1607 de
1107 1541 1410 1625 synedris
1472 1542 1543 1607 in
1587 1543 1765 1608 Vera
1821 1542 2099 1608 historia
2152 1543 2443 1609 laudatis
2489 1563 2701 1626 pauca

345 1664 657 1727 moneam,
702 1644 814 1724 qui
860 1645 979 1710 hoc
1019 1663 1147 1710 uno
1176 1646 1315 1710 loco
1351 1643 1538 1710 nobis
1583 1650 1935 1711 occurrunt
1980 1644 2164 1708 ἄλλοι
2205 1668 2273 1709 τε
2316 1645 2553 1709 πολλοὶ
2593 1646 2700 1709 καὶ

341 1745 726 1832 Ἀριστείδης
791 1745 825 1810 ὃ
889 1744 1156 1823 δίκαιος,
1218 1747 1600 1828 quibuscum
1658 1746 2065 1827 aliquamdiu
2131 1749 2489 1814 collocutus
2557 1755 2702 1814 erat

346 1849 927 1932 Rhadamanthus,
1000 1849 1383 1930 priusquam
1441 1849 1597 1930 quid
1667 1850 1803 1918 sibi
1860 1850 2200 1917 videretur
2260 1854 2340 1916 de
2406 1851 2701 1917 Luciano

348 1952 822 2032 comitibusque
883 1952 1023 2017 eius
1075 1951 1551 2033 pronuntiaret.
1640 1952 1769 2018 Sed
1830 1952 2097 2019 difficile
2142 1954 2271 2018 erit
2316 1953 2701 2034 diiudicata,

347 2059 568 2120 utrum
611 2058 691 2120 de
721 2054 1020 2120 Platonis
1061 2056 1386 2136 heroibus
1432 2055 1543 2135 qui
1583 2060 1852 2136 propter
1895 2055 2103 2121 vitam
2147 2056 2319 2121 iuste
2364 2060 2700 2136 peractam

350 2161 529 2239 apud
573 2156 817 2223 inferos
849 2177 1105 2238 quoque
1142 2157 1537 2223 arbitrorum
1567 2177 1836 2223 munere
1871 2158 2087 2223 ornati
2119 2177 2264 2224 esse
2295 2158 2699 2240 dicebantur,

350 2261 749 2343 cogitaverit
810 2265 1054 2343 auctor,
1115 2281 1201 2327 an
1262 2264 1342 2326 de
1388 2261 1787 2327 Graecorum
1843 2261 2106 2342 vulgari
2164 2279 2340 2326 more
2386 2260 2699 2327 constitu-

349 2363 503 2428 endi
551 2363 824 2429 concilii.

521 2534 734 2601 Minos
776 2533 987 2617 igitur
1041 2540 1109 2600 et
1149 2534 1694 2601 Rhadamanthus
1737 2533 2161 2600 nominantur
2204 2534 2471 2619 iudices,
2518 2537 2703 2602 deest

345 2639 568 2704 autem
600 2641 860 2705 Aeacus
890 2637 1131 2704 tertius
1171 2638 1441 2720 collega.
1516 2637 1645 2721 Qui
1691 2656 2082 2718 quamquam
2114 2638 2494 2719 saepissime
2527 2641 2701 2720 apud

344 2741 714 2806 Lucianum
772 2739 842 2806 in
893 2740 1250 2806 inferorum
1313 2758 1516 2822 regno
1577 2744 2142 2822 commemoratur,
2221 2746 2442 2805 tamen
2523 2741 2699 2806 nullo

345 2844 488 2909 loco
535 2846 760 2908 eadem
807 2861 937 2923 qua
982 2842 1051 2909 in
1095 2842 1394 2908 Platonis
1441 2841 1719 2924 dialogis
1752 2841 1997 2906 fruitur
2026 2842 2440 2907 auctoritate.
2530 2842 2698 2924 Quo·

344 2949 533 3012 modo
590 2945 659 3010 id
704 2945 955 3012 factum
1001 2945 1091 3011 sit
1133 2949 1381 3028 postea,
1439 2944 1735 3010 omnibus
1782 2944 2228 3026 scriptoribus,
2282 2943 2393 3025 qui
2437 2943 2699 3025 quidem

348 3052 438 3115 ad
496 3053 788 3114 nostram
847 3052 1148 3130 spectent
1227 3047 1689 3133 quaestionem
1731 3047 2215 3129 absolvendam,
2280 3045 2700 3129 perlustratis

346 3150 569 3233 capite
609 3153 899 3217 seorsum
944 3151 1190 3232 scripto
1237 3150 1648 3217 disseremus,

523 3319 769 3385 Mortui
822 3325 1164 3402 postquam
1218 3322 1305 3386 ad
1359 3320 1644 3387 arbitros
1694 3340 2055 3402 pervenere
2108 3320 2462 3402 Tisiphone
2521 3323 2701 3404 duce,

344 3426 427 3487 ut
486 3422 619 3488 iam
679 3423 979 3504 diximuS,
1032 3442 1115 3488 ex
1164 3422 1408 3506 ordine,
1468 3425 1638 3504 quod
1696 3423 1789 3488 sit
1845 3441 2077 3488 nomen
2132 3423 2418 3503 quidque
2475 3441 2700 3503 pecca-

344 3524 574 3592 verint
615 3525 1130 3608 interrogantur.
1218 3526 1385 3591 Nam
1430 3525 1641 3608 ignoti
1686 3528 1843 3590 sunt
1880 3543 2087 3605 usque
2127 3527 2213 3590 ad
2252 3525 2416 3590 illud
2445 3529 2701 3607 tempus

346 3626 561 3693 Minoi
592 3632 662 3693 et
690 3629 1209 3694 Rhadamantho.
1298 3629 1485 3711 Quod
1528 3627 1729 3692 etiam
1761 3628 1955 3693 Plato
1988 3627 2314 3708 expressis
2346 3627 2564 3693 verbis
2594 3647 2702 3693 ex-

344 3735 663 3811 posuerat
707 3731 957 3814 Gorgia
1000 3733 1127 3798 524
1171 3731 1260 3796 B:
1323 3728 1482 3794 Ῥαὸ.
1540 3732 1776 3793 θεᾶται
1835 3728 2099 3794 ἑκάστου
2157 3728 2267 3814 τὴν
2316 3730 2540 3816 ψυχήν,
2590 3729 2702 3794 οὐκ

347 3829 542 3907 εἰδὼς
605 3831 752 3896 ὅτου
819 3832 1003 3917 ἐστίν,
1074 3852 1159 3899 ne
1227 3835 1728 3914 corrumpantur
1794 3832 2068 3899 alicuius
2138 3832 2361 3914 gratia
2424 3832 2701 3914 iudices3

349 3934 587 4016 quaeri
631 3934 882 4017 aliquid
928 3955 1010 4001 ex
1045 3935 1372 4002 defunctis
1402 3955 1531 4001 non
1562 3936 1821 4001 dixerat
1849 3936 2288 4016 philosophus.
2354 3934 2702 4001 Accusatis

348 4036 595 4103 deinde
624 4042 742 4103 aut
770 4039 1057 4119 ipsorum
1093 4038 1333 4104 indicio
1364 4044 1483 4104 aut
1518 4038 1692 4103 notis
1724 4038 1982 4103 animae
2020 4037 2349 4118 impressis
2380 4056 2541 4118 quas
2569 4037 2702 4103 iam

344 4141 527 4220 apud
545 4141 887 4206 Platonem
906 4145 975 4207 et
988 4141 1415 4207 Plutarchum
1432 4142 1892 4208 inveneramus
1917 4143 2035 4205 aut
2056 4139 2323 4206 testium
2340 4145 2416 4205 ut
2431 4142 2701 4206 umbrae

342 4244 565 4308 lectus
592 4243 901 4309 lucernae
932 4243 1354 4326 orationibUS,
1398 4249 1474 4308 ut
1504 4262 1647 4309 sese
1678 4242 2122 4325 defenderent,
2160 4241 2701 4323 permittebatur:

342 4345 424 4411 id
469 4346 641 4426 quod
685 4344 985 4426 sequitur
1027 4365 1109 4413 ex
1152 4345 1644 4413 Rhadamanthi
1688 4344 1910 4412 verbis
1955 4344 2208 4424 Catapl.
2253 4346 2369 4410 26:
2417 4346 2495 4406 Τί
2536 4341 2705 4428 πρὸς
