3475 5118
687 377 772 441 42
1735 374 1798 428 L.
1834 374 1981 429 Ram
2924 375 3038 461 [10

679 551 1059 613 accusatum
1080 545 1483 627 impetrabit.
1550 546 1804 612 Deinde
1828 545 1996 611 nihil
2025 546 2252 630 habeo,
2283 564 2398 611 cur
2427 545 2633 612 Minoi
2668 548 3036 628 ceterisque

682 649 867 715 aliud
911 652 1109 729 atque
1151 647 1220 713 in
1266 648 1514 731 Gorgia
1552 647 1837 713 officium
1883 648 2261 715 attribuam.
2350 649 2517 715 Tum
2561 649 2620 714 si
2664 650 2810 730 quis
2839 650 3034 717 offen-

685 751 860 818 derit
887 751 956 816 in
988 755 1175 817 tanto
1205 750 1490 816 iudicum
1519 768 1806 832 numero,
1836 752 1921 815 ad
1950 750 2317 833 Aegyptios
2349 769 2494 817 eum
2525 751 2732 835 mitto,
2765 771 3034 832 quorum

684 853 1120 937 quadraginta
1165 853 1452 934 quinque
1497 854 1669 934 apud
1711 851 1957 918 inferos
1987 851 2190 919 fuisse
2233 853 2543 935 scimusl)
2617 855 2896 921 Accedit
2926 857 3036 922 de-

682 956 878 1037 nique
910 993 998 1002 —
1028 959 1098 1021 et
1151 955 1386 1021 summi
1442 954 1600 1020 mihi
1644 955 1714 1021 id
1759 973 1903 1021 esse
1946 955 2213 1021 videtur
2256 956 2567 1021 momenti
2608 993 2693 1003 —
2739 959 2909 1038 quod
2953 977 3037 1024 ex

680 1059 834 1124 aliis
892 1076 1146 1139 quoque
1204 1057 1395 1123 libris
1452 1057 1534 1122 iu
1552 1076 1583 1123 s
1600 1064 1631 1122 t
1647 1076 1683 1123 o
1700 1076 1732 1123 s
1791 1057 2020 1123 ultimo
2079 1057 2187 1124 die
2240 1060 2321 1124 de
2361 1058 2625 1125 iniustis
2670 1059 2847 1125 ferre
2891 1079 3030 1126 sen-

682 1161 956 1227 tentiam
1021 1164 1327 1242 apparet:
1390 1159 1906 1225 Christianorum
1965 1161 2124 1226 dico.
2143 1160 2191 1246 2)
2303 1160 2591 1244 Quorum
2655 1162 3034 1229 testimonia

682 1268 836 1329 sunt
899 1264 1095 1328 haec:
1161 1263 1399 1328 Matth.
1460 1263 1558 1345 19,
1603 1263 1718 1343 28;
1776 1263 1932 1328 Luc.
1980 1264 2082 1345 22,
2126 1263 2241 1342 303
2301 1263 2488 1344 epist.
2534 1264 2570 1329 I
2614 1266 2699 1329 ad
2747 1265 3033 1331 Corinth.

681 1365 882 1431 missa
926 1368 984 1448 6,
1027 1367 1087 1448 2,
1131 1366 1202 1431 3:
1267 1363 1383 1427 οὐκ
1442 1363 1660 1428 οἴδατε
1719 1363 1819 1428 ὅτι
1878 1363 1954 1428 οἱ
2013 1364 2245 1449 ἅγιοι
2294 1363 2401 1428 τὸν
2439 1365 2675 1445 κόσμον
2718 1376 3036 1449 κρινοῦσι,·

736 1515 750 1530 .
787 1513 801 1529 .
850 1466 964 1531 οὐκ
1024 1466 1255 1551 οἴδατε,
1315 1466 1413 1531 ὅτι
1467 1465 1772 1549 ἀγγέλους
1822 1478 2187 1552 κρινοῦμεν,·
2253 1469 2611 1534 Praeterea
2667 1470 2724 1534 L
2741 1489 2786 1536 u
2803 1470 3035 1535 ciani

681 1571 836 1638 vide
878 1572 1090 1637 locum
1132 1571 1307 1637 hunc
1351 1571 1525 1655 (Ver.
1571 1570 1726 1636 hist.
1771 1571 1842 1636 II
1887 1571 1985 1656 6):
2028 1570 2138 1633 καὶ
2179 1581 2316 1646 τοῖς
2358 1569 2682 1653 συνέδροις
2719 1565 3035 1636 ἐκοινοῦτο

678 1674 844 1756 (scil.
891 1672 925 1737 ὃ
969 1670 1435 1758 Ῥαδάμανθυς)
1479 1673 1632 1758 περὶ
1672 1671 1869 1754 ἡμῶν.
1948 1670 2317 1758 συνήδρευον
2361 1670 2432 1736 δὲ
2468 1672 2651 1737 ἄλλοι
2690 1696 2760 1737 τε
2801 1673 3038 1738 πολλοὶ

683 1775 793 1839 καὶ
845 1774 1213 1861 Ἀριστείδης
1270 1774 1304 1839 ὃ
1365 1772 1404 1837 δ
1421 1777 1650 1839 ίκαιο
1669 1797 1701 1850 ς
1762 1773 1796 1839 ὃ
1856 1774 2200 1861 Ἀθηναῖος,
2223 1777 2272 1862 3)
2339 1777 2456 1843 ubi
2523 1779 2751 1842 eadem
2810 1778 3038 1844 subest

684 1879 1031 1957 sententia.
1135 1879 1318 1963 Quae
1364 1897 1507 1944 cum
1551 1878 1651 1944 ita
1695 1879 1851 1960 sint,
1919 1883 1996 1945 ut
2039 1880 2253 1958 Plato,
2302 1879 2486 1945 cuius
2530 1881 2723 1948 valde
2771 1882 3036 1947 exculta

682 1987 786 2048 est
843 1981 1097 2065 religi0‚
1165 1981 1377 2047 simile
1444 1982 1600 2062 quid
1665 1982 1944 2047 sentiret
2008 2001 2221 2048 nonne
2271 1982 2487 2063 potuit
2530 1982 2721 2048 fieri?
2811 1985 3036 2064 Neque

681 2085 890 2168 igitur
919 2084 1251 2151 adsentior
1279 2084 1549 2167 Rohdio,
1579 2085 1639 2150 si
1668 2084 1876 2151 iustos
1904 2084 1974 2149 in
2005 2084 2326 2168 Apologia
2355 2086 2658 2152 laudatos
2693 2088 2774 2152 de
2804 2087 3036 2153 litibus

681 2189 856 2254 inter
893 2193 1181 2253 mortuos
1225 2187 1398 2268 ipsos
1445 2186 1691 2253 exortis
1732 2186 2026 2253 iudicare
2070 2192 2281 2269 putat.

850 2289 995 2355 Iam
1032 2292 1116 2356 ad
1138 2289 1421 2356 Minoem
1442 2290 1731 2356 Aeacum
1763 2289 2333 2356 Rhadamanthum
2364 2292 2724 2374 redeamus,
2762 2310 3034 2373 quorum

680 2393 930 2475 primus
955 2392 1145 2473 quasi
1167 2411 1468 2473 suprema
1489 2396 1818 2473 potestate
1844 2397 1945 2458 est
1972 2393 2314 2473 praeditus
2336 2392 2757 2477 diiudicandi‚
2782 2394 2840 2459 si
2864 2412 3032 2474 quae

684 2495 922 2562 dubiae
941 2495 1390 2562 deliberantur
1412 2513 1649 2561 causae
1672 2499 1742 2561 et
1764 2495 2067 2579 collegae,
2097 2514 2182 2562 ne
2204 2495 2608 2578 perspiciant
2623 2515 2735 2562 eas
2753 2495 3031 2562 difficul-

682 2600 933 2665 tatibus
949 2597 1168 2664 nescio
1188 2598 1423 2679 quibus
1440 2598 1903 2679 impediuntur.
1934 2598 2123 2665 Solus
2139 2598 2346 2681 igitur
2362 2603 2546 2665 tenet
2564 2618 2832 2666 aureum
2847 2618 3030 2681 scep-

682 2710 873 2785 trum,
902 2703 1123 2767 Aeaco
1159 2706 1379 2767 autem
1403 2705 1471 2766 et
1492 2701 2000 2767 Rhadamantho
2032 2698 2264 2786 ῥάβδοι
2294 2702 2764 2768 attribuuntur.
2809 2702 3031 2768 Iuncti

680 2807 911 2872 sedent
953 2805 1023 2870 in
1053 2809 1242 2886 prato
1272 2806 1567 2887 quodam,
1615 2805 1785 2869 unde
1814 2803 2315 2885 proficiscuntur
2345 2805 2515 2870 duae
2544 2804 2711 2886 viae,
2757 2823 3030 2886 quarum

666 2908 957 2973 sinistra
1002 2908 1087 2972 ad
1131 2908 1482 2972 Tartarum
1542 2908 1869 2972 ducuntur
1928 2906 2199 2988 animae,
2245 2908 2482 2972 dextra
2526 2925 2681 2973 vero
2742 2908 2826 2972 ad
2870 2907 3030 2989 Ely-

678 3010 814 3076 sios
859 3028 1133 3090 campos.
1223 3009 1427 3093 Quem
1484 3010 1695 3074 locum
1739 3009 2039 3090 quoniam
2083 3008 2153 3073 in
2197 3008 2297 3074 Re
2339 3008 2603 3090 publica
2654 3008 2856 3072 τόπον
2889 3008 3033 3072 τινὰ

684 3110 1014 3192 δαιμόνιον
1045 3111 1339 3192 appellat
1367 3112 1576 3193 Plato,
1606 3110 1721 3176 ubi
1750 3110 1973 3176 fauces
2017 3111 2236 3176 altera
2265 3113 2350 3176 ad
2380 3116 2627 3176 terram
2655 3112 2765 3178 vel
2799 3112 3031 3177 melius

681 3215 801 3280 sub
827 3218 1090 3297 terram,
1113 3214 1330 3279 altera
1360 3215 1441 3279 ad
1473 3214 1725 3278 caelum
1755 3218 2058 3296 vergunt,
2082 3213 2282 3279 aliam
2311 3214 2633 3279 rationem
2663 3214 2731 3280 in
2762 3214 3031 3299 Gorgia,

683 3317 881 3383 aliam
925 3316 993 3381 in
1024 3316 1121 3381 Re
1151 3316 1416 3398 publica
1444 3322 1705 3381 secutus
1739 3334 1881 3382 esse
1915 3316 2181 3383 videtur
2209 3316 2642 3398 philosophus.
2718 3320 3033 3383 Attamen

681 3419 853 3486 idem
910 3419 1122 3485 forum
1183 3438 1322 3485 esse
1379 3418 1451 3484 in
1509 3424 1791 3500 utroque
1837 3418 2095 3501 dialogo
2141 3419 2272 3484 iam
2317 3419 2473 3485 Pro
2491 3421 2672 3486 clus
2717 3439 3031 3486 commen-

681 3522 874 3588 tariis
917 3522 985 3587 in
1017 3522 1319 3588 Platonis
1356 3523 1436 3587 de
1465 3523 1563 3588 Re
1591 3522 1769 3603 publ.
1798 3520 2000 3587 libros
2030 3521 2415 3603 conscriptis
2452 3522 2641 3588 nobis
2674 3522 3033 3605 explicavit

681 3625 804 3710 (ed.
836 3625 1023 3690 Kroll
1051 3625 1123 3690 II
1150 3645 1208 3706 p.
1237 3626 1359 3691 132
1384 3625 1530 3710 sq.):
1565 3622 1650 3687 Τὸ
1680 3622 1798 3705 μὲν
1827 3617 1937 3687 οὖν
1963 3622 2073 3687 τὸν
2103 3622 2302 3706 δαιμ
2323 3624 2550 3689 όνιον
2576 3624 2777 3689 τόπον
2808 3624 3031 3688 δικα-

680 3725 966 3791 στικὸν
996 3721 1160 3790 εἶναι
1187 3726 1390 3789 τόπον
1421 3774 1434 3788 .
1469 3771 1483 3789 .
1519 3724 1720 3811 δῆλον,
1753 3779 1766 3793 .
1800 3774 1815 3789 .
1852 3726 1925 3791 τὸ
1957 3724 2027 3789 δὲ
2062 3724 2257 3812 μηδὲν
2295 3738 2512 3791 τοῦτον
2556 3725 2888 3813 διαφέρειν
2926 3734 3035 3812 τῆς

679 3827 935 3913 τριόδου
963 3827 1073 3891 τὸν
1116 3823 1181 3892 ἐν
1222 3831 1454 3914 Γοργίᾳ
1495 3831 1709 3910 μῦθον
1752 3827 1919 3910 ἡμᾶς
1985 3827 2305 3893 διδάσκειν
2368 3830 2669 3914 φήσομεν.
2783 3824 2848 3892 ἐν
2911 3829 3033 3913 γὰρ

679 3943 754 4016 τῇ
813 3928 1048 4017 τριόδῳ
1107 3933 1446 4017 καθῆσθαί
1500 3949 1693 4016 φησιν
1758 3928 1995 4007 ἐκεῖνος
2057 3930 2118 4017 (ὃ
2174 3931 2369 4018 Ἀρμ.)
2483 3932 2632 4009 τοὺς
2695 3931 3032 4007 δικαστάς·

854 4103 893 4172 ¹)
931 4103 1113 4157 Testis
1148 4103 1693 4158 Wiedemannus
1729 4120 1782 4172 p.
1820 4103 1936 4158 131.

850 4189 895 4258 ⁹)
932 4190 1071 4245 Vide
1106 4190 1368 4259 Herzogii
1415 4195 1474 4245 et
1506 4190 1747 4245 Hauckii
1779 4190 1980 4245 librum
2017 4189 2112 4258 qui
2147 4190 2461 4245 inscribitur
2500 4189 3030 4259 ‘Realencyclopiidie

679 4276 769 4330 fiir
803 4280 1028 4345 protest.
1066 4274 1371 4343 Theologie’
1408 4292 1450 4330 s,
1493 4293 1539 4331 v.
1581 4276 1888 4331 “Gericht“.

853 4360 893 4429 ⁸)
929 4360 1070 4415 Vide
1104 4360 1248 4415 infra
1282 4378 1334 4429 p.
1370 4361 1454 4415 63.
