3475 5118
744 412 828 478 58
1803 409 1863 462 1..
1901 408 2049 463 Ruhl
2989 405 3101 495 [26

744 605 882 647 νων.
957 579 1253 662 ἀμέλει
1296 580 1739 663 γράψομαί
1782 599 1864 642 σε
1906 577 2413 662 παρανόμων
2458 575 2600 641 ἐπὶ
2641 587 2783 641 τοῦ
2826 574 3095 640 Ῥαδα-

743 709 792 766 μ
808 686 852 749 ά
868 707 901 747 ν
914 685 1019 747 θυ
1037 706 1071 747 ο
1089 705 1140 759 ς.

916 786 1082 853 Ibid.
1130 805 1180 851 o.
1222 787 1337 850 23:

916 889 1257 973 (Ερμῆςε
1299 886 1646 973 Παράλαβε
1695 888 1977 961 τούτους,
2032 879 2084 947 ὦ
2142 885 2587 971 Τισιφόνη,
2643 888 2944 970 τέτταρας
2987 881 3099 948 ἐπὶ

743 1001 879 1068 τοῖς
921 990 1174 1071 χιλίοις.
3149 980 3154 983 V

920 1101 976 1157 Τ
985 1117 1009 1156 ι
1028 1113 1084 1155 σ.
1104 1115 1126 1153 .·
1182 1093 1310 1156 Καὶ
1350 1091 1471 1177 μὴν
1514 1091 1721 1155 πάλαι
1765 1110 1836 1173 γε
1885 1088 1919 1154 ὃ
1966 1088 2417 1171 Ῥαδάμανθυς
2462 1084 2646 1165 οὗτος
2699 1086 2865 1172 ὑμᾶς
2920 1109 3099 1173 περι-

742 1201 933 1280 μένει.

918 1299 1538 1381 Ῥαδάμανθυςι
1611 1297 1993 1381 Πρόσαγε
2051 1298 2429 1372 τούτους,
2504 1290 2557 1358 ὦ
2620 1294 2932 1381 Ἐρινύ·
3010 1296 3099 1359 σὺ

750 1401 865 1476 δέ,
915 1402 1199 1487 εΕρμῆ,
1244 1403 1584 1487 κήρυττε
1625 1401 1766 1463 καὶ
1807 1398 2305 1484 προσκάλει.

920 1508 1363 1579 Κυνίσκοςε
1404 1504 1470 1566 ῖΩ
1502 1501 1940 1584 Ῥαδάμανθυ,
1970 1500 2136 1588 πρὸς
2171 1511 2283 1565 τοῦ
2310 1498 2557 1586 πατρὸς
2593 1511 2922 1584 πρῶτον
2964 1500 3106 1583 ἐμὲ

750 1605 851 1671 ἐπ
867 1613 893 1673 ι’
910 1630 1002 1671 σκ
1019 1631 1049 1672 ε
1064 1619 1123 1691 ψ
1139 1630 1181 1670 α
1199 1631 1223 1670 ι
1265 1608 1676 1693 παραγαγών.

922 1710 1049 1775 Ῥα
1069 1709 1160 1776 δ..·
1206 1713 1387 1785 Τίνος
1431 1708 1609 1773 ἕνεκα
1620 1732 1644 1783 ;

919 1820 986 1876 K
992 1837 1029 1875 v
1046 1834 1093 1874 ν.
1111 1834 1133 1872 .·
1173 1812 1436 1887 Πάντως
1481 1810 1798 1895 βούλομαι
1844 1808 2273 1896 κατηγορῆσαί
2310 1832 2481 1886 τινος
2531 1812 2573 1873 ἃ
2635 1814 3101 1891 συνεπίσταμαι

748 1913 998 2001 πονηρὰ
1043 1913 1347 1998 δράσαντι
1389 1912 1559 1996 αὐτῷ
1607 1913 1790 1998 παρὰ
1849 1912 1956 1977 τὸν
2014 1916 2172 1998 βίον.
2263 1914 2374 1977 οὐκ
2427 1914 2503 1978 ἂν
2559 1909 2671 1978 οὖν
2724 1913 3103 1993 ἀξιόπιστος

750 2016 884 2104 εἵην
926 2017 1141 2102 λέγων,
1186 2015 1273 2101 μὴ
1305 2015 1448 2095 οὗχὶ
1475 2015 1789 2102 πρότερον
1832 2015 2020 2093 αὐτὸς
2064 2016 2288 2101 φανεὶς
2320 2013 2458 2092 οἶός
2487 2016 2622 2099 εἰμι
2650 2016 2759 2081 καὶ
2796 2012 2932 2081 οἶόν
2963 2038 3105 2079 τινα

751 2116 994 2204 ἐβίωσα
1035 2118 1142 2183 τὸν
1183 2119 1440 2205 τρόπον.

921 2221 1161 2289 ‘Paos
1204 2226 1342 2299 Τίς
1385 2220 1455 2286 δὲ
1500 2223 1613 2296 025,-

921 2334 988 2390 Κ
994 2351 1030 2389 υ
1050 2348 1142 2387 ν..·
1183 2328 1511 2401 Κυνίσκος,
1551 2319 1603 2387 ὦ
1647 2324 1883 2411 ἄριστε,
1927 2325 2034 2410 τὴν
2076 2327 2326 2411 γνώμην
2369 2325 2754 2410 φιλόσοφος.

923 2429 1050 2493 Ῥα
1067 2426 1166 2491 δ..·
1207 2426 1395 2512 Δεῦρ’
1439 2425 1597 2491 ἐλθὲ
1639 2427 1750 2491 καὶ
1793 2439 2049 2513 πρῶτος
2092 2427 2184 2505 εἷς
2224 2427 2331 2513 τὴν
2376 2426 2552 2513 δίκην
2580 2430 2952 2516 κατάστηθι.
3028 2426 3103 2490 σὺ

755 2529 824 2596 δὲ
865 2529 1221 2616 προσκάλει
1262 2529 1408 2606 τοὺς
1449 2530 1849 2616 κατηγόρους.

926 2634 1085 2700 Cum
1129 2653 1315 2699 nemo
1357 2653 1502 2700 eum
1547 2653 1861 2700 accusare
1907 2636 2197 2717 conetur,
2247 2634 2472 2716 pergit
2515 2654 2654 2717 cap.
2686 2636 2799 2700 24:

925 2734 1161 2801 Ῥαδ..·
1204 2733 1498 2799 ἀπόδυθι
1527 2735 1616 2809 δέ,
1649 2735 1832 2811 ὅπως
1863 2730 2280 2819 ἐπισκοπήσιο
2315 2756 2384 2800 σε
2413 2735 2547 2799 ἀπὸ
2570 2747 2696 2800 τῶν
2727 2736 3102 2818 στιγμάτων.

924 2847 991 2903 Κ
995 2864 1032 2902 υ
1048 2862 1097 2902 ν.
1118 2861 1141 2900 .·
1182 2848 1319 2903 Ποῦ
1360 2838 1482 2923 γὰρ
1524 2834 1648 2921 ἐγὼ
1695 2843 2070 2921 στιγματίας
2110 2837 2405 2925 ἐγενόμην
2414 2862 2438 2913 ;

925 2942 1052 3006 Ῥα
1069 2940 1125 3005 δ.
1143 2963 1166 3004 .·
1208 2941 1460 3006 Ὅπόσα
1491 2941 1569 3005 ἄν
1595 2964 1693 3017 τις
1721 2941 1896 3023 ὑμῶν
1940 2941 2188 3029 πονηρὰ
2226 2936 2566 3029 ἐργάσηται
2595 2942 2777 3026 παρὰ
2804 2939 2913 3005 τὸν
2939 2944 3104 3021 βίον,

753 3044 915 3108 καθ’
961 3043 1223 3108 ἕκαστον
1266 3043 1475 3107 αὐτῶν
1518 3044 1737 3129 ἀφανῆ
1782 3047 2097 3127 στίγματα
2141 3043 2253 3108 ἐπὶ
2294 3053 2402 3129 τῆς
2444 3034 2657 3130 ψυχῆς
2697 3047 3058 3130 περιφέρει.

925 3154 1142 3210 Κυν..·
1181 3143 1338 3211 Ἰδού
1382 3168 1488 3210 σοι
1531 3146 1767 3230 γυμνὸς
1809 3150 2176 3232 παρέστηκα
2224 3196 2235 3209 .
2286 3199 2299 3213 .
2346 3199 2360 3213 .

926 3247 1166 3316 Ῥαδ..·
1207 3248 1519 3333 Καθαρὸς
1548 3248 1638 3325 ὣς
1666 3248 1915 3313 ἐπίπαν
1944 3247 2160 3314 οὗτοσὶ
2195 3248 2362 3333 πλὴν
2402 3250 2639 3313 τούτων
2679 3261 2805 3312 τῶν
2845 3244 3106 3335 τριῶνῆ

753 3354 1068 3437 τεττάρων
1097 3350 1397 3436 ἀμαυρῶν
1424 3352 1595 3415 πάνυ
1624 3352 1736 3415 καὶ
1766 3351 2036 3437 ἀσαφῶν
2067 3353 2440 3435 στιγμάτων.
2505 3354 2734 3415 Καίτοι
2775 3355 2838 3415 τί
2883 3362 3107 3424 τοῦτο,·

755 3454 897 3541 ἴχνη
941 3458 1056 3536 μὲν
1097 3455 1208 3519 καὶ
1253 3464 1484 3539 σημεῖα
1524 3453 1741 3519 πολλὰ
1782 3465 1909 3518 τῶν
1969 3450 2388 3542 ἐγκαυμάτων,
2450 3453 2563 3518 οὐκ
2622 3450 2769 3518 οἶδα
2814 3453 2885 3518 δὲ
2927 3453 3108 3530 ὅπως

757 3553 1188 3643 ἐξαλήλιπται,
1251 3557 1492 3639 μᾶλλον
1537 3556 1607 3621 δὲ
1651 3556 2065 3622 ἐκκέκοπται·
2128 3569 2275 3634 πῶς
2317 3568 2533 3631 ταῦτα,
2581 3553 2634 3621 ὦ
2677 3565 2844 3642 Κυν.,
2886 3554 2925 3640 ἢ
2959 3568 3107 3634 πῶς

757 3659 1049 3746 καθαρὸς
1092 3659 1164 3740 ἐξ
1203 3658 1398 3745 ἀρχῆς
1442 3660 1894 3747 ἀναπέφηνας,·

928 3764 1381 3846 Interroganti
1450 3764 1552 3830 ita
1633 3764 2142 3830 Rhadamantho
2219 3764 2537 3847 Cyniscus
2618 3762 2959 3846 respondit
3036 3781 3109 3828 se

755 3886 887 3933 non
931 3885 1186 3947 semper
1215 3865 1421 3931 fuisse
1450 3867 1908 3948 philosophum
1956 3870 2158 3947 atque
2204 3884 2285 3931 ex
2329 3867 2549 3947 priore
2588 3870 2812 3932 aetate
2853 3884 3109 3931 reman-

760 3970 924 4036 sisse
966 3969 1089 4034 illa
1133 3971 1462 4050 στίγματα.

929 4071 1045 4135 ‘Pa
1062 4069 1113 4138 δ.
1132 4094 1155 4132 .·
1213 4070 1372 4134 Ἀλλ’
1431 4070 1637 4135 ἄπιθι
1695 4065 1762 4146 ἐς
1806 4070 1921 4148 τὰς
1976 4074 2302 4155 Μακάρων
2359 4073 2583 4157 νήσους
2638 4080 2776 4145 τοῖς
2828 4068 3112 4155 ἀρίστοις

760 4174 1201 4256 συνεσόμενος,
1282 4175 1854 4260 κατηγορήσας
1922 4193 1995 4256 γε
2064 4174 2374 4260 πρότερον
2448 4168 2520 4237 οὗ
2594 4172 2721 4258 φὴς
2793 4173 3110 4256 τυράννου.

760 4277 989 4354 ἄλλους
1029 4276 1401 4361 προσκάλει.

932 4382 1030 4448 25.
1090 4387 1168 4444 Μ
1174 4383 1200 4443 ί
1213 4378 1544 4456 κυλλοςε
1585 4380 1695 4443 καὶ
1737 4378 1990 4462 τούμόν,
2036 4373 2089 4441 ὦ
2132 4377 2320 4462 Ῥαδ.,
2362 4378 2588 4464 μικρόν
2631 4374 2764 4442 ἐστι
2806 4376 2919 4439 καὶ
2961 4380 3112 4462 βρα-
