3475 5118
653 432 737 496 92
1707 433 1770 487 L.
1807 433 1954 488 Ruhl
2609 378 2614 383 ‘
2906 436 3016 523 [60

823 605 881 669 L
898 605 923 669 i
939 623 983 672 v
999 604 1082 670 111
1099 623 1130 670 s
1175 605 1236 668 D
1253 625 1288 669 r
1306 624 1346 669 a
1364 624 1398 670 c
1414 623 1505 669 on
1523 604 1653 670 tiu
1670 623 1701 669 s
1755 604 1888 669 iam
1942 604 2377 670 nominandus
2424 611 2542 689 est,
2597 608 2772 688 apud
2826 626 3014 689 quem

655 727 691 773 c
708 728 749 773 a
764 729 799 772 r
813 727 892 773 m.
937 727 979 788 p
997 728 1032 771 r
1047 727 1083 772 o
1100 706 1143 771 f.
1187 707 1308 788 IX,
1358 706 1481 771 120
1506 725 1643 788 sqq.
1688 707 1986 773 Achilles
2033 707 2379 791 deliberat,
2448 712 2759 789 quomodo
2827 728 3014 776 suum

656 810 937 875 dolorem
952 809 1180 892 leniat,
1204 809 1243 874 i.
1262 828 1313 875 e.
1333 809 1570 891 quibus
1591 810 2004 876 contumeliis
2022 810 2413 891 insequatur
2435 810 2746 877 Hectoris
2762 832 3013 894 corpus

654 913 873 993 Atque
897 917 1248 978 occurrunt
1280 911 1727 977 consideranti
1761 913 2136 979 sententiae
2160 912 2336 979 inter
2359 933 2430 979 se
2455 915 2830 981 contrariae
2852 917 3012 982 hae:

854 1031 1001 1098 Non
1044 1031 1172 1097 tibi
1217 1050 1336 1112 per
1381 1050 1637 1097 somnos
1683 1033 1903 1099 aderit
1947 1034 2336 1100 censo-ris
2382 1034 2598 1118 imago

857 1136 1118 1200 Aeacus
1165 1137 1251 1200 ad
1295 1135 1546 1200 medias
1595 1136 1868 1202 veniens
1914 1136 1984 1202 in
2030 1142 2254 1203 castra
2296 1138 2612 1203 tenebras

854 1256 1013 1304 voce
1057 1255 1382 1317 manuque
1427 1237 1701 1303 furens?
1789 1239 1895 1304 En
1938 1245 2008 1305 te
2052 1240 2368 1323 culpabit,
2413 1259 2653 1322 amare,

858 1358 1053 1420 asper
1097 1344 1166 1405 et
1209 1339 1620 1422 increpitans
1665 1347 1734 1407 et
1779 1341 1959 1408 iusta
2003 1361 2162 1409 voce
2206 1343 2496 1408 notabit:

858 1444 1055 1509 ‘Tene
1102 1444 1292 1508 deum
1339 1444 1618 1526 suboleS,
1664 1444 1963 1526 caelique
2007 1465 2212 1527 nepos
2256 1446 2611 1529 pelagique
2658 1497 2672 1511 .
2717 1497 2731 1510 .

858 1596 872 1609 .
916 1595 931 1611 .
978 1597 992 1610 .
1037 1545 1171 1610 ista
1217 1545 1503 1612 decent?
1548 1599 1562 1612 .
1608 1597 1623 1611 .
1668 1598 1683 1612 .

714 1657 815 1713 128
1160 1698 1177 1714 .
1222 1700 1236 1714 .
1285 1701 1297 1714 .
1344 1651 1467 1716 Me
1511 1649 1658 1715 vita
1701 1649 1818 1731 pia
1862 1650 2187 1730 promovit
2232 1654 2319 1715 ad
2363 1669 2596 1717 urnam

857 1751 1125 1816 humani
1170 1756 1248 1817 ut
1289 1752 1554 1834 generis
1597 1753 1831 1818 laudes
1877 1758 1946 1818 et
1989 1753 2265 1818 crimina
2311 1772 2654 1835 quaeram3

711 1863 814 1917 130
856 1872 976 1919 nec
1022 1858 1245 1919 tamen
1290 1854 1443 1920 hinc
1489 1873 1758 1921 securus
1806 1855 1955 1937 eriS,
2003 1855 2115 1937 qui
2158 1860 2384 1921 noster
2430 1859 2514 1921 ad
2562 1875 2791 1922 urnam

859 1956 1170 2022 advenies
1217 1959 1602 2039 quandoque
1646 1977 1880 2038 nepos:
1926 1958 2266 2041 ignoscere
2310 1977 2536 2024 manes

856 2060 1169 2142 ignorant
1213 2079 1589 2141 mecumque
1634 2061 1850 2126 Minos
1894 2061 2003 2128 vel
2046 2060 2331 2127 Gnosius
2376 2060 2514 2126 illic

856 2162 1167 2228 iudicium
1212 2163 1764 2229 Rhadamanthus
1809 2163 2015 2229 habet
2060 2182 2393 2229 commune
2436 2162 2774 2229 barathri.’

822 2300 1252 2366 Memorabile
1311 2301 1381 2366 in
1424 2300 1530 2366 his
1588 2306 1849 2366 tantum
1912 2302 2205 2367 Aeacum
2266 2301 2593 2383 appellari
2660 2318 3010 2382 censorem,

655 2402 895 2484 quippe
963 2402 1075 2484 qui
1119 2422 1364 2469 morum
1411 2421 1666 2484 quoque
1713 2403 2064 2469 institutus
2110 2402 2199 2469 sit
2245 2403 2455 2469 iudex.

822 2577 1079 2658 Restat,
1124 2580 1200 2640 ut
1229 2575 1529 2640 ultimum
1560 2575 1885 2655 quoddam
1955 2575 2285 2656 proferam
2329 2574 2791 2657 testimonium,
2838 2577 3008 2655 quod

654 2677 955 2759 quamvis
1000 2677 1254 2744 Graece
1306 2676 1625 2758 scriptum
1675 2681 1901 2742 tamen
1944 2677 2385 2742 Romanarum
2416 2677 2789 2758 opinionum
2817 2695 3008 2758 prae·

650 2782 809 2848 bere
866 2779 1134 2846 videtur
1201 2778 1507 2862 vestigia.
1618 2780 1746 2845 Est
1813 2778 2218 2862 epigramma
2277 2779 2489 2845 Marci
2549 2778 3008 2864 Argentarii1)

651 2883 849 2948 Anth.
910 2882 1052 2947 Pal.
1096 2881 1245 2966 VH,
1304 2883 1432 2948 384
1476 2900 1536 2948 v.
1582 2884 1808 2963 2sqq.:
2323 2913 2328 2917 -

1452 3071 1466 3084 .
1515 3065 1529 3080 .
1579 3065 1594 3080 .
1643 3065 1658 3079 .
1703 3018 1896 3105 γρηῢς
1929 3016 2339 3103 Ἀριστομάχη

939 3119 1124 3204 ἡνίκα
1166 3118 1275 3205 τὴν
1319 3118 1487 3206 ἱερὴν
1528 3118 1730 3184 ὑπέδυ
1775 3121 1990 3200 χθόνα
2033 3133 2166 3184 πᾶν
2207 3117 2265 3182 τ’
2309 3115 2641 3205 ἐμαράνθη

1043 3234 1292 3305 πνεῦμα
1337 3226 1550 3307 πάρος
1591 3224 1862 3288 κυλίκων
1903 3224 2203 3287 πλεῖστον
2246 3219 2663 3310 ἐπαυρομένῃ,

868 3339 903 3392 5
947 3322 1089 3390 εἶπε
1131 3325 1267 3390 τάδ’
1286 3351 1300 3366 ·
1348 3325 1429 3390 “59
1460 3334 1672 3406 Μινοῖ,
1716 3326 1915 3412 πῆλαι
1925 3327 1995 3413 2),
2041 3328 2200 3411 φέρε
2241 3326 2478 3389 κάλπιν
2523 3320 2819 3411 ἐλαφρήν,

1044 3427 1204 3494 οἴσω
1251 3431 1513 3493 κυάνεον
1553 3428 1706 3509 τούξ
1739 3428 2086 3513 Ἀχέροντος
2127 3426 2332 3512 ὕδωρ·

939 3532 1132 3618 καύτὴ
1175 3535 1537 3619 παρθένιον
1578 3530 1699 3617 γὰρ
1746 3529 2089 3595 ἀπώλεσα’.
2133 3541 2319 3594 τοῦτο
2364 3528 2422 3593 δ’
2459 3529 2635 3609 ἔλεξε

1042 3633 1297 3719 ψευδές,
1337 3632 1421 3698 ἵν’
1465 3634 1709 3719 αὐγάζῃ
1749 3632 1860 3718 κήν
1902 3636 2284 3718 φθιμένοισι
2326 3634 2551 3698 πίθον.

820 3773 961 3838 Hoc
992 3773 1398 3855 epigramma
1419 3792 1548 3838 non
1571 3777 1708 3838 tam
1733 3772 2102 3853 sepulcrale
2127 3790 2319 3852 quam
2341 3770 2667 3835 ludicrum
2698 3774 2766 3836 et
2789 3787 3003 3831 σκωπ-

648 3875 822 3939 τικόν
850 3875 1239 3941 Duebnerus
1262 3874 1554 3956 explicat
1585 3874 1711 3940 sic:
1748 3926 1779 3957 „
1802 3872 2155 3936 πάλλειν
2184 3892 2474 3939 urnam
2499 3871 3003 3938 iudicialem

650 3982 781 4043 est
826 3997 924 4059 qu
942 3997 982 4042 a
1000 3977 1222 4043 esito
1240 3977 1361 4044 ris
1421 3977 1642 4060 (Verg.
1688 3976 1801 4060 VI,
1860 3978 1987 4042 432
2033 3980 2101 4042 et
2147 3975 2255 4061 al.)
2315 4026 2330 4041 .
2376 4026 2389 4041 .
2449 3974 2734 4041 Minoem
2793 3979 3002 4056 rogat,

649 4086 724 4146 ut
791 4079 1019 4146 statim
1088 4084 1168 4146 de
1232 4098 1303 4146 se
1362 4078 1538 4144 ferat
1604 4078 2022 4145 sententiam.
2127 4076 2446 4162 Ἐλαφρὴν
2510 4076 2726 4144 videri
2784 4080 3002 4158 potest

824 4250 865 4320 ¹)
898 4250 1289 4320 Argentarium
1326 4250 1570 4319 Augusti
1615 4249 1948 4319 temporibus
1994 4249 2165 4303 fuisse
2197 4247 2659 4303 Reitzensteinius
2706 4245 3006 4301 affirmavit

652 4337 1154 4406 (Pauly-wissowa,
1190 4337 1602 4405 Realencyclop.
1639 4353 1681 4390 S.
1718 4351 1772 4390 v.
1810 4335 2178 4405 Argentarius
2214 4351 2266 4403 p.
2302 4335 2400 4386 711
2417 4333 2534 4401 sq.).

820 4422 864 4493 ⁹)
899 4419 1062 4487 πῆλαι
1095 4422 1308 4490 Jacobs,
1344 4418 1510 4472 πάλαι
1545 4421 1608 4475 Ρ.
