3475 5118
716 427 815 498 *84
1784 429 1844 484 L.
1880 428 2030 482 num
2970 428 3080 515 [52

730 602 1115 685 Propertius
1159 602 1557 669 Graecorum
1615 600 1910 667 diversas
1969 599 2303 681 opiniones
2367 604 2648 682 secutuS,
2739 618 3085 681 quemnam

732 706 1056 772 arbitrum
1100 723 1244 770 esse
1275 703 1456 784 velit,
1501 722 1628 769 non
1673 703 1841 768 satis
1889 704 2067 768 clare
2114 702 2358 768 definit.
2446 702 2884 768 Romanorum
2930 721 3087 769 vero

730 827 971 874 morem
1015 812 1120 873 est
1162 806 1464 872 imitatus
1507 806 1611 871 his
1657 805 1879 872 verbis
1916 808 2074 871 “aut
2120 805 2179 870 si
2212 804 2356 886 quis
2402 805 2621 886 posita
2649 804 2850 870 iudex
2896 808 3090 870 sedet

730 912 989 976 Aeacus
1021 929 1206 992 urna,
1251 909 1321 974 in
1351 928 1497 974 mea
1527 908 1770 973 sortita
1798 908 2095 975 vindicet
2141 926 2292 973 ossa
2322 907 2527 989 pila’':
2572 909 2833 973 Aeacus
2877 907 3090 990 igitur

730 1017 806 1079 ut
847 1012 1107 1094 Vergili
1164 1011 1379 1076 Minos
1444 1015 1712 1092 praeest
1769 1009 2027 1093 iudici0,
2089 1015 2158 1076 et
2215 1009 2560 1076 sortitione
2617 1009 2801 1076 facta
2859 1015 3090 1091 sperat

733 1115 1035 1182 Cornelia
1065 1134 1136 1180 se
1167 1112 1341 1179 omni
1371 1114 1565 1194 culpa
1587 1112 1944 1179 liberatum
1973 1112 2074 1178 iri.
2087 1113 2135 1197 ¹)
2209 1100 2452 1177 Furias
2485 1112 2721 1178 deinde
2744 1111 3087 1178 ministras

729 1219 865 1284 iam
923 1237 1005 1283 ex
1049 1216 1343 1282 Aeneide
1395 1215 1731 1298 novimuS,
1799 1215 1913 1281 ubi
1974 1215 2332 1297 Tisiphone
2390 1214 2660 1297 flagella
2719 1215 3088 1297 quatiebat,

730 1325 807 1386 ut
850 1339 1094 1401 poenas
1140 1320 1607 1410 sceleratorum
1668 1323 2169 1398 exsequeretur3
2217 1318 2524 1383 similiter
2569 1318 2811 1383 Culicis
2856 1338 2915 1385 v.
2960 1319 3040 1384 37
3047 1321 3087 1382 7

731 1423 946 1488 loris
991 1421 1091 1487 rei
1120 1421 1525 1503 cogebantur
1568 1420 1843 1501 fateri.²)
1909 1419 2049 1503 Quo
2080 1440 2348 1486 munere
2379 1421 2621 1486 Furias
2666 1423 2788 1487 hoc
2833 1439 3088 1502 quoque

731 1527 870 1591 loco
927 1524 1116 1607 fungi
1172 1523 1401 1589 licebit
1446 1528 1761 1606 statuere,
1821 1524 1950 1589 etsi
2009 1523 2421 1606 castigantes
2464 1543 2595 1589 non
2653 1524 3089 1606 inducuntur3

731 1646 943 1709 neque
989 1612 1161 1693 enim
1191 1626 1439 1692 habent
1467 1626 1714 1707 Furiae
1756 1645 1962 1707 usque
1994 1630 2081 1692 ad
2125 1626 2289 1692 illud
2319 1631 2728 1708 momentum,
2776 1629 2945 1708 quod
2974 1628 3091 1692 vel

733 1730 1015 1812 puniant
1066 1730 1175 1796 vel
1234 1728 1627 1795 convincant
1678 1728 2017 1794 mulierem
2075 1728 2693 1795 innocentissimam.
2785 1728 3091 1794 Cornelia

732 1830 1189 1914 pulcherrimis
1221 1830 1443 1897 verbis
1475 1850 1618 1896 sese
1665 1830 2060 1896 defendente
2109 1850 2326 1897 omnes
2360 1832 2471 1912 qui
2518 1835 2761 1897 adsunt
2807 1831 3090 1916 (“forum

732 1934 1196 2019 intentum'’)⁸),
1229 1933 1416 2013 quasi
1447 1933 1891 2014 obstupefacti
1916 1933 2214 2000 audiunt.
2262 1935 2448 2017 Quod
2472 1934 2751 2015 denique
2781 1934 3093 2000 Cornelia

731 2057 849 2119 pro
894 2057 965 2103 se
1025 2036 1173 2117 ipsa
1221 2035 1530 2117 loquitur,
1576 2037 1697 2101 hoc
1744 2035 1945 2101 etiam
1991 2055 2031 2100 a
2075 2037 2511 2102 Romanorum
2556 2036 3093 2120 cogitationibuS,

731 2146 808 2206 ut
851 2144 1045 2205 erant
1075 2138 1341 2204 adsueti
1385 2136 1523 2204 foro
1556 2158 1634 2203 ac
1664 2138 2130 2221 tribunalibuS,
2175 2158 2304 2205 non
2336 2145 2484 2205 erat
2515 2139 2819 2205 alienum.
2904 2138 3092 2204 Idem

733 2242 977 2308 statuit
1021 2241 1248 2307 Cicero
1295 2242 1486 2306 Tusc.
1532 2241 1696 2323 disp.
1756 2242 1807 2325 I,
1856 2241 1964 2306 10:
2025 2243 2060 2305 ‘.
2107 2292 2122 2306 .
2168 2294 2181 2307 .
2228 2245 2404 2323 apud
2463 2261 2622 2323 quos
2668 2241 2976 2324 (Minoem
3022 2247 3096 2307 et

731 2346 1072 2426 Rhadam.)
1131 2363 1256 2409 nec
1312 2349 1383 2409 te
1440 2344 1515 2408 L.
1561 2344 1838 2409 Crassus
1899 2343 2211 2410 defendet
2267 2365 2388 2411 nec
2433 2345 2517 2409 M.
2562 2345 2908 2427 AntoniuS,
2952 2363 3094 2427 nec,

735 2446 1041 2528 quoniam
1086 2449 1262 2526 apud
1317 2446 1604 2512 Graecos
1671 2446 1924 2512 iudices
1984 2467 2091 2512 res
2138 2454 2407 2530 agetur,
2464 2448 2712 2528 poteris
2772 2446 3093 2512 adhibere

732 2549 1270 2615 Demosthenem:
1345 2548 1473 2614 tibi
1531 2548 1660 2630 ipsi
1733 2569 1851 2630 pro
1911 2554 1979 2616 te
2040 2549 2171 2616 erit
2228 2549 2517 2616 maxima
2592 2569 2828 2617 corona
2890 2569 3096 2615 causa

734 2652 1057 2718 dicenda’.

1861 2822 1968 2887 III

905 2978 1090 3061 Quae
1118 2980 1199 3043 de
1221 2982 1613 3042 mortuorum
1646 2977 1891 3043 iudicio
1916 2997 1989 3043 re
2014 2997 2176 3045 vera
2203 2977 2483 3044 sentiret
2513 2978 2555 3043 S
2575 2997 2610 3043 e
2625 2998 2670 3044 n
2688 2998 2723 3043 e
2741 2998 2776 3043 c
2793 2997 2864 3061 a,
2889 2996 3097 3060 supra

733 3102 792 3164 p.
840 3080 921 3146 75
966 3079 1411 3161 comperimus,
1456 3081 1573 3144 sed
1603 3078 1902 3160 quamvis
1952 3080 2167 3145 omnia
2209 3079 2345 3162 illa,
2388 3085 2462 3145 ut
2494 3079 2782 3146 Stoicum
2812 3081 3098 3146 decebat

735 3182 1211 3265 philosophum,
1254 3200 1372 3262 pro
1417 3180 1585 3246 fictis
1629 3182 1941 3258 haberet,
2000 3182 2179 3247 haud
2245 3201 2432 3248 secus
2501 3189 2700 3263 atque
2767 3182 3096 3249 Horatius

732 3368 961 3422 Romulo
1002 3367 1269 3422 usitatum
1325 3368 1415 3438 (II,
1455 3369 1500 3438 1,
1549 3368 1638 3436 23)
1700 3374 1759 3423 et
1809 3368 2097 3423 Fabium
2139 3369 2525 3439 Lupercum
2573 3387 2669 3439 pro
2716 3372 2972 3426 Fabianis
3025 3379 3102 3427 et

734 3451 1087 3528 Quintilianis
1125 3453 1241 3523 (IV,
1282 3454 1326 3522 1,
1363 3453 1450 3518 26)
1499 3458 1556 3507 et
1590 3454 1783 3507 Iuven.
1820 3454 1916 3522 XI,
1955 3454 2082 3508 105:
2122 3454 2392 3509 ‘Geminos
2428 3455 2527 3509 sub
2561 3472 2697 3524 rupe
2734 3455 3023 3522 Quirinos’.

907 3538 944 3607 ¹)
985 3538 1127 3593 Vide
1162 3538 1399 3593 Ascon.
1434 3538 1502 3593 in
1538 3539 1671 3592 Mil.
1697 3555 1750 3607 p.
1774 3539 1858 3608 34,
1883 3539 1948 3592 21
1986 3539 2068 3594 ed.
2105 3540 2619 3609 Kiessling-Schoell:
2666 3541 2824 3610 “(lex)
2848 3541 3100 3612 iubebat,

731 3627 798 3678 ut
818 3623 1139 3691 priusquam
1177 3640 1338 3679 causa
1373 3629 1651 3692 ageretur,
1678 3666 1690 3678 .
1718 3668 1729 3678 .
1758 3631 1955 3692 quarta
1989 3625 2076 3679 die
2100 3641 2278 3679 coram
2316 3631 2625 3680 accusatore
2662 3633 2721 3680 et
2742 3642 2832 3680 reo
2868 3617 2966 3694 pil
2982 3644 3064 3682 ae
3086 3672 3099 3697 ,

729 3709 788 3763 in
824 3709 1020 3776 quibus
1043 3709 1259 3763 nomina
1280 3709 1521 3763 iudicum
1543 3710 1811 3778 inscripta
1846 3715 2041 3780 essent,
2080 3717 2459 3780 aequarentur,
2497 3711 2623 3766 dein
2647 3728 2835 3766 rursus
2870 3718 3102 3780 postera

732 3794 821 3849 die
840 3794 1054 3849 sortitio
1073 3793 1313 3849 iudicum
1337 3795 1542 3848 fieret“.
1562 3825 1629 3833 —
1652 3796 1787 3864 „Die
1811 3795 1970 3865 pilae,
1991 3795 2079 3850 die
2103 3796 2198 3851 der
2222 3796 2436 3851 sortitio
2460 3797 2669 3866 dienen,
2706 3798 2921 3851 konnen
2952 3800 3105 3853 auch

732 3880 813 3933 als
838 3879 1191 3948 Gegenstand
1208 3880 1303 3933 der
1320 3880 1535 3934 sortitio
1555 3881 1841 3950 autgefasst
1864 3882 2094 3949 werden,
2120 3898 2277 3936 wenn
2297 3899 2423 3936 man
2448 3883 2528 3936 als
2552 3883 2649 3937 das
2674 3882 3107 3940 entscheidende

732 3965 970 4019 Moment
1005 3965 1100 4019 der
1123 3965 1349 4034 Losung
1383 3965 1481 4019 das
1515 3966 1962 4021 Herausnehmen
2010 3967 2105 4021 der
2152 3967 2432 4022 einzelnen
2479 3967 2625 4036 pilae
2673 3984 2774 4022 aus
2811 3969 2905 4022 der
2943 3969 3107 4024 Urne

731 4050 1035 4106 betrachtet
1070 4050 1188 4119 (das
1223 4050 1462 4105 dadurch
1485 4050 1741 4105 bestellte
1765 4051 1989 4107 Gericht
2023 4053 2150 4107 sant
2185 4053 2344 4108 einen
2378 4053 2678 4123 giinstig
2694 4069 2773 4108 en
2809 4053 3101 4123 Spruch).“

730 4136 1037 4191 Rothstein.

909 4220 949 4289 ²)
988 4221 1259 4275 Lucianus
1293 4227 1482 4289 postea
1517 4220 1722 4275 similes
1759 4221 1863 4276 sibi
1897 4222 2058 4277 finxit
2092 4224 2231 4277 Men.
2271 4224 2364 4278 11:
2400 4221 2708 4291 παρεστηκό
2717 4242 2827 4278 τας.

907 4305 945 4373 ³)
981 4305 1243 4361 Similiter
1265 4307 1393 4361 Hor.
1417 4323 1498 4375 ep.
1525 4307 1570 4376 I,
1596 4306 1677 4377 16,
1714 4306 1808 4360 57:
1849 4308 1964 4363 ‘Vir
1997 4308 2182 4377 bonuS,
2220 4324 2374 4364 omne
2399 4309 2573 4364 forum
2600 4325 2759 4377 quem
2784 4313 3098 4377 spectat-et

731 4406 887 4445 omne
921 4390 1194 4446 tribunal’.
