3475 5118
752 482 835 547 ’78
1809 474 1871 529 L.
1907 473 2057 529 Ruhl
3001 470 3108 559 [46

1059 649 1393 734 quaesitor
1434 649 1648 715 Minos
1692 666 1925 714 urnam
1969 650 2218 727 movet;
2264 645 2378 710 ille
2421 644 2729 711 silentum

1058 752 1527 833 consiliumque
1549 752 1599 837 ¹)
1644 755 1842 818 vocat
1885 748 2189 830 vitasque
2233 752 2301 814 et
2345 748 2624 813 crimina
2670 746 2881 813 discit.

924 875 1055 940 Per
1096 871 1394 955 proxima
1426 871 1662 937 deinde
1691 870 1837 936 loca
1884 887 1956 934 eo
2001 868 2325 951 pervenit,
2370 868 2485 933 ubi
2529 885 2613 933 se
2659 866 2802 934 via
2844 867 3115 934 findit

752 978 843 1044 in
889 978 1169 1043 ambas
1210 975 1296 1061 (v.
1341 975 1525 1059 540):

1063 1100 1360 1178 dextera,
1406 1113 1574 1176 quae
1616 1093 1797 1158 Ditis
1844 1091 2070 1174 magni
2112 1092 2234 1157 sub
2279 1090 2534 1157 moenia
2573 1090 2808 1174 tendit,

1061 1201 1187 1264 hac
1226 1198 1358 1263 iter
1401 1197 1704 1280 Elysium
1749 1196 1953 1278 nobiS,
2001 1199 2071 1260 at
2114 1197 2315 1261 laeva
2361 1194 2681 1260 malorum

1064 1305 1332 1368 exercet
1377 1318 1623 1381 poenas
1670 1303 1739 1364 et
1784 1300 1870 1364 ad
1914 1297 2119 1379 impia
2165 1299 2458 1362 Tartara
2502 1296 2734 1363 mittit.

914 1517 1018 1572 548
1061 1506 1364 1588 Respicit
1407 1506 1686 1586 AeneaS,
1732 1503 1952 1569 subito
1997 1507 2065 1568 et
2108 1504 2229 1568 sub
2274 1521 2437 1583 rupe
2483 1502 2756 1569 sinistra
2871 1522 2880 1525 “

1066 1608 1323 1674 moenia
1366 1609 1511 1673 lata
1553 1607 1742 1674 videt
1787 1605 2036 1688 triplici
2080 1605 2485 1671 circumdata
2529 1625 2732 1688 muro,

919 1825 1023 1880 566
1067 1814 1348 1881 Gnosius
1378 1814 1544 1878 haec
1572 1811 2122 1877 Rhadamanthus
2149 1812 2352 1877 habet
2384 1809 2734 1875 durissima
2764 1829 2991 1892 regna,

1071 1917 1484 1998 castigatque
1525 1916 1841 1996 auditque
1887 1915 2063 1980 dolos
2108 1913 2488 1996 subigitque
2532 1912 2754 1996 fateri,

1074 2038 1242 2099 quae
1287 2018 1430 2100 quis
1469 2021 1643 2099 apud
1689 2035 1960 2098 superos
2004 2015 2180 2082 furto
2225 2017 2516 2081 laetatus
2562 2015 2750 2080 inani

1073 2121 1336 2188 distulit
1379 2121 1446 2185 in
1495 2139 1710 2186 seram
1757 2118 2097 2185 commissa
2137 2118 2401 2200 piacula
2437 2122 2729 2183 mortem.

927 2236 1031 2290 570
1077 2224 1394 2290 Continuo
1439 2223 1646 2289 sontis
1690 2222 1900 2288 ultrix
1946 2222 2248 2287 accincta
2291 2221 2554 2305 flagello

1071 2327 1314 2408 Tisip
1332 2327 1488 2392 hon
1506 2345 1542 2392 e
1588 2326 1808 2408 quatit
1851 2326 2179 2390 insultans
2220 2330 2569 2405 torvosque
2615 2323 2888 2389 sinistra

1079 2430 1418 2496 intentans
1465 2430 1697 2512 anguis
1743 2432 1942 2495 vocat
1987 2427 2252 2509 agmina
2297 2445 2501 2493 saeva
2548 2445 2857 2492 sororum.

937 2549 1163 2631 Neque
1206 2550 1338 2615 iam
1368 2550 1607 2615 iterum
1653 2552 1735 2615 de
1779 2547 2039 2630 Vergili
2082 2547 2332 2630 Necyia
2378 2547 2843 2628 disputandum
2888 2548 3009 2629 est,
3054 2544 3123 2609 in

769 2672 898 2734 qua
942 2658 1010 2719 et
1050 2652 1415 2719 Stoicorum
1476 2657 1544 2718 et
1587 2652 1910 2723 Platonis,
1958 2652 2078 2716 hoc
2124 2657 2229 2717 est
2272 2650 2701 2731 Orphicorum
2759 2655 2829 2715 et
2873 2648 3124 2731 Pytha-

768 2756 1133 2839 goricorum
1208 2755 1537 2821 doctrinas
1610 2754 2001 2820 confluxisse
2060 2752 2506 2819 Dieterichius
2577 2752 2897 2834 imprimis
2952 2752 3017 2836 (l.
3076 2769 3123 2815 s.

769 2860 923 2924 inde
970 2879 1010 2924 a
1054 2880 1113 2942 p.
1162 2858 1311 2942 150)
1359 2864 1427 2923 et
1469 2858 1733 2924 Norden
1778 2857 1872 2942 (in
1916 2858 2202 2922 Hermae
2245 2858 2372 2923 vol.
2417 2858 2501 2922 28
2545 2877 2604 2938 p.
2649 2856 2777 2922 360
2805 2854 2967 2939 sqq.)
3014 2873 3122 2935 op-

771 2962 931 3027 time
978 2964 1610 3027 demonstraverunt.
1635 2961 1683 3045 2)
1771 2962 2136 3026 Praeterea
2163 2978 2333 3040 quae
2377 2960 2638 3041 prolata
2680 2963 2835 3023 sunt
2875 2977 2916 3022 a
2962 2956 3123 3024 viris

770 3063 904 3129 illis
965 3063 1382 3146 doctissimiS,
1450 3082 1577 3129 non
1635 3064 1866 3129 valent
1932 3065 2015 3128 ad
2062 3062 2512 3143 quaestionem
2569 3066 2858 3127 nostram
2917 3060 3125 3126 absol-

773 3168 1074 3232 vendam.
1163 3165 1402 3230 Mirum
1431 3184 1604 3248 ver0,
1648 3168 1821 3247 quod
1863 3171 2061 3246 poeta
2104 3165 2387 3230 Minoem
2433 3169 2501 3230 et
2544 3162 3124 3230 Rhadamanthum

776 3267 1075 3334 diversas
1106 3267 1406 3350 regiones
1430 3266 1589 3333 fecit
1610 3267 2012 3350 habitantes,
2041 3267 2198 3332 licet
2227 3267 2465 3333 Minois
2494 3269 2680 3333 sedes
2718 3285 2847 3331 non
2881 3265 3124 3332 certius

782 3369 1164 3453 definiatur,
1236 3374 1312 3434 ut
1387 3389 1575 3435 suum
1649 3370 1923 3452 quisque
1982 3389 2257 3453 regnum
2315 3375 2545 3436 teneat
2607 3369 2832 3450 ibique
2886 3367 3123 3433 iudicis

775 3471 1059 3539 officium
1121 3476 1447 3538 exerceat.
1535 3473 1629 3537 Et
1686 3472 2109 3538 memorabile
2169 3477 2273 3538 est
2317 3472 2598 3538 Minoem
2657 3474 2737 3537 de
2782 3470 2876 3537 eis
2921 3470 3124 3535 solum

775 3574 1086 3659 iudicare,
1150 3574 1261 3655 qui
1304 3575 1471 3640 falso
1519 3575 1790 3641 crimine
1835 3574 2074 3656 capitis
2120 3575 2413 3641 damnati
2461 3579 2615 3640 sunt
2659 3574 2899 3656 eisque,
2958 3572 3016 3638 si
3054 3590 3127 3636 re

776 3696 939 3744 vera
998 3678 1292 3743 insontes
1357 3677 1743 3743 interfectos
1801 3696 1943 3743 esse
1996 3677 2393 3760 cognoverit,
2441 3677 2808 3742 attribuere
2852 3678 3040 3742 sedes
3087 3693 3127 3739 a

779 3779 1016 3846 ceteris
1062 3780 1511 3847 defunctorum
1555 3781 1925 3863 generibuS,
1972 3799 2141 3862 quae
2186 3785 2666 3861 enumerantur,
2713 3779 3053 3844 discretas.
3077 3777 3126 3859 3)

949 3949 990 4018 1)
1025 3950 1110 4004 Sic
1145 3950 1379 4018 Norden,
1415 3950 1451 4003 1.
1487 3966 1530 4003 3.
1565 3966 1617 4018 p.
1655 3949 1785 4017 240;
1824 3949 2205 4003 concilium
2240 3949 2496 4004 traditur.

954 4035 994 4105 ²)
1031 4035 1170 4091 Vide
1218 4036 1385 4089 etiam
1431 4034 1971 4104 Schmekelium,
2019 4035 2159 4090 Phil.
2210 4034 2261 4088 d.
2296 4034 2463 4089 mittl.
2499 4034 2629 4088 Stoa
2680 4050 2731 4102 p.
2768 4033 2887 4086 451.
2968 4032 3123 4086 Nunc

780 4120 1117 4175 adhibendus
1154 4127 1238 4175 est
1270 4120 1515 4174 Eduardi
1549 4120 1766 4175 Norden
1801 4120 1939 4175 liber
1974 4120 2199 4189 (Vergil,
2236 4121 2389 4174 Buch
2424 4120 2525 4186 VI)
2562 4136 2615 4187 p.
2654 4119 2719 4172 19
2732 4134 2844 4186 sqq.

955 4205 995 4274 ³)
1032 4206 1209 4259 Multa
1245 4205 1592 4274 disputavere
1644 4206 1711 4260 de
1746 4206 1846 4260 hoc
1879 4207 1993 4260 loco
2028 4206 2092 4261 Ε.
2122 4206 2337 4260 Norden
2373 4207 2625 4273 (Hermae
2661 4205 2696 4258 1.
2734 4219 2775 4258 s.
2799 4220 2853 4271 p.
2877 4203 2995 4272 373,
3032 4201 3133 4255 388

781 4292 963 4346 adnot.
1000 4291 1048 4360 3,
1086 4308 1137 4359 p.
1164 4291 1293 4360 3143
1330 4290 1453 4347 vide
1494 4308 1665 4346 nunc:
1704 4292 1913 4360 Vergil,
1941 4293 2093 4346 Buch
2117 4292 2198 4346 VI
2240 4308 2290 4360 p.
2318 4292 2380 4343 11
2410 4291 2509 4358 sq.)
2552 4295 2608 4345 et
2637 4289 2701 4343 A.
2728 4288 3008 4343 Dieterich
3030 4289 3067 4341 l.
3093 4303 3135 4340 3.

781 4394 834 4445 p.
873 4376 971 4431 151
990 4393 1104 4444 sqq.
1176 4378 1256 4431 Ac
1291 4377 1423 4431 mihi
1446 4378 1716 4445 persuasit
1752 4378 1814 4431 Ε.
1841 4378 2069 4447 Norden,
2119 4377 2213 4445 qui
2261 4377 2499 4445 quinque
2551 4382 2886 4430 mortuorum
2934 4387 3135 4443 genera

782 4478 890 4517 non
936 4467 1110 4516 morte
1158 4462 1414 4530 naturali,
1461 4468 1528 4517 ut
1569 4462 1652 4517 ita
1689 4463 1883 4532 dicam,
1932 4463 2051 4517 vita
2086 4462 2377 4517 excessisse
2413 4462 2640 4529 ideoque
2674 4460 2734 4514 in
2768 4459 2993 4529 regione
3029 4457 3134 4512 sita
