3475 5118
398 418 509 506 25]
1243 418 1324 473 De
1359 424 1692 472 mortuorum
1729 418 1929 473 iudicio
2663 421 2746 487 57

399 588 802 670 aliquamdiu
861 590 1190 655 retinetur
1269 609 1309 654 a
1370 589 1671 655 Sostrato
1733 591 2022 673 latrone,
2082 591 2193 670 qui
2251 590 2515 656 minime
2573 595 2749 657 sorte

399 712 523 759 sua
567 697 918 758 contentus
964 711 1108 758 esse
1154 693 1438 758 videtur.
1519 694 1618 758 Ac
1662 693 2082 758 vehementer
2132 712 2201 758 se
2248 693 2618 760 defendisse
2663 695 2747 760 ab

398 799 779 861 accusatore
837 813 1020 860 reum
1083 813 1162 861 ex
1223 795 1447 861 verbis
1494 796 1970 877 cognoscimus:
2026 802 2159 858 Νῦν
2212 794 2462 858 ἀκούσω
2520 790 2748 872 adm,-

398 896 474 961 οὐ
517 897 640 981 γὰρ
686 891 1076 980 ἐξελήλεγξαι
1114 947 1126 960 .
1176 920 1225 970 .;
1267 898 1329 963 Α
1374 898 1673 964 Sostrato
1716 898 1926 981 igitur
1971 898 2342 979 quaesitum
2388 918 2549 983 esse,
2594 899 2749 980 quid

396 1000 682 1083 fecisset,
727 1019 873 1066 eum
910 1018 980 1066 se
1012 1000 1357 1081 quicquam
1395 1001 1794 1083 peccavisse,
1828 1003 2031 1066 donec
2068 1003 2751 1086 convinceretur,

396 1104 764 1185 negavisse,
831 1122 913 1168 ex
977 1103 1110 1168 illis
1180 1103 1415 1187 verbiS,
1473 1102 1790 1184 imprimis
1855 1123 1937 1168 ex
2003 1123 2159 1170 voce
2219 1098 2557 1189 ἐλήλεγξαι,
2622 1125 2752 1186 qua

396 1207 585 1272 nobis
630 1206 973 1271 Plutarchi
1024 1206 1190 1270 illud
1238 1200 1637 1288 ἐξελεγχθεὶς
1696 1206 1764 1270 in
1826 1210 2110 1272 mentem
2172 1212 2537 1290 revocatur,
2603 1227 2749 1274 con-

401 1310 665 1375 cludere
710 1309 957 1374 licebit.

571 1412 930 1492 Menipp.
978 1432 1029 1477 c.
1080 1412 1161 1477 10
1206 1431 1375 1493 sqq.:

569 1522 646 1577 Μ
647 1518 681 1577 έ
688 1536 737 1577 ν.
754 1538 774 1575 .·
792 1567 804 1580 .
823 1566 836 1580 .
854 1517 1267 1599 κατεφαίνετο
1288 1562 1301 1576 .
1324 1561 1337 1576 .
1357 1567 1369 1580 .
1389 1525 1503 1577 τοῦ
1512 1514 1889 1589 Πλούτωνος
1904 1512 1983 1576 τὰ
1997 1513 2296 1595 βασίλεια
2309 1538 2322 1553 ·
2339 1512 2754 1591 κατελθόντες

402 1614 462 1678 δ’
495 1615 670 1696 ὅμως
708 1614 819 1679 διὰ
860 1627 975 1681 τοῦ
1002 1620 1332 1698 χάσματος
1358 1616 1468 1680 τὸν
1495 1616 1609 1699 μὲν
1639 1614 2081 1698 Ῥαδάμανθυν
2110 1615 2376 1701 εὕρομεν
2415 1663 2428 1678 .
2465 1663 2479 1678 .
2511 1663 2527 1679 .
2579 1620 2656 1683 11
2691 1669 2704 1683 .
2736 1669 2750 1683 .

398 1718 544 1782 κατ’
560 1718 774 1801 ὀλίγον
797 1718 867 1783 δὲ
890 1719 1223 1803 προϊόντες
1246 1719 1747 1806 παραγινόμεθα
1768 1718 1935 1804 πρὸς
1951 1720 2022 1783 τὸ
2043 1731 2156 1784 τοῦ
2178 1723 2437 1795 Μίνωος
2462 1718 2751 1805 δικαστή-

398 1843 557 1906 ριον,
627 1820 920 1903 ἐτύγχανε
979 1820 1048 1886 δὲ
1115 1820 1149 1886 ὅ
1190 1823 1306 1904 μὲν
1364 1819 1478 1886 ἐπὶ
1533 1822 1776 1907 θρόνου
1837 1821 2008 1898 τινὸς
2063 1820 2314 1910 ὑψηλοῦ
2370 1823 2750 1909 καθήμενος,

405 1926 914 2010 παρειστήκεσαν
982 1923 1052 1989 δὲ
1132 1926 1302 2008 αὐτῷ
1367 1926 1599 1990 Ποιναὶ
1677 1926 1787 1988 καὶ
1845 1924 2188 2010 ἀλάστορες
2266 1925 2374 1989 καὶ
2442 1925 2716 2010 Ἐρινύες
2734 1951 2747 1966 ·

398 2023 710 2113 ἑτέρωθεν
732 2025 802 2091 δὲ
823 2029 1220 2114 προσήγοντο
1242 2027 1478 2092 πολλοί
1498 2050 1662 2104 τινες
1694 2023 1920 2113 ἐφεξῆς
1943 2027 2158 2092 ἁλύσει
2179 2038 2392 2114 μακρᾷ
2408 2026 2748 2110 δεδεμένοι,

398 2129 684 2213 ἐλέγοντο
745 2129 815 2194 δὲ
875 2125 1037 2194 εἶναι
1091 2132 1312 2212 μοιχοὶ
1372 2132 1480 2195 καὶ
1540 2132 1976 2217 πορνοβοσκοὶ
2019 2183 2032 2196 .
2080 2184 2093 2197 .
2140 2183 2153 2196 .
2198 2131 2397 2216 χωρὶς
2448 2129 2519 2196 δὲ
2578 2129 2646 2195 οἵ
2682 2154 2751 2195 τε

393 2232 697 2297 πλούσιοι
761 2234 870 2297 καὶ
934 2234 1327 2319 τοκογλύφοι
1380 2236 1751 2317 προσῄεσαν
1796 2280 1809 2296 .
1858 2286 1872 2299 .
1922 2281 1935 2296 .
1984 2232 2336 2319 ἐφεστῶτες
2403 2229 2513 2298 οὖν
2572 2232 2751 2318 ἡμεῖς

395 2333 694 2421 ἑωρῶμέν
735 2359 803 2400 τε
845 2336 925 2399 τὰ
964 2336 1300 2419 γιγνόμενα
1342 2336 1451 2400 καὶ
1493 2334 1803 2421 ἠκούομεν
1843 2347 1966 2400 τῶν
2010 2335 2745 2420 ἀπολογουμένων·

392 2438 777 2524 κατηγόρουν
818 2437 888 2503 δὲ
930 2439 1136 2502 αὐτῶν
1178 2442 1393 2503 καινοί
1433 2461 1596 2515 τινες
1637 2440 1748 2503 καὶ
1791 2437 2156 2523 παράδοξοι
2199 2439 2468 2526 ῥήτορες.

571 2542 893 2609 Φιλων..·
933 2545 1107 2620 Τίνες
1153 2537 1329 2608 οὗτοι
1374 2591 1387 2605 .
1437 2567 1489 2606 .·

566 2653 642 2708 Μ
649 2652 681 2708 ε’
696 2668 745 2708 ν.
766 2670 787 2707 .·
832 2641 1045 2710 Οἶσθά
1088 2666 1219 2710 που
1262 2650 1528 2710 ταυτασί
1555 2647 1671 2723 τὰς
1699 2645 1869 2733 πρὸς
1896 2646 2005 2711 τὸν
2032 2646 2213 2733 ἥλιον
2241 2647 2750 2730 ἀποτελουμένας

399 2748 584 2822 σκιὰς
628 2747 761 2811 ἀπὸ
790 2760 918 2813 τῶν
961 2751 1312 2831 σωμάτων;
1359 2796 1371 2811 .
1409 2797 1422 2811 .
1459 2796 1472 2811 .
1506 2744 1695 2813 αὗται
1722 2753 1951 2822 τοίνυν,
1997 2748 2264 2814 ἐπειδὰν
2293 2749 2746 2833 ἀποθάνωμεν,

396 2854 820 2937 κατηγοροῦσί
845 2874 912 2915 τε
941 2853 1050 2916 καὶ
1078 2863 1624 2937 καταμαρτυροῦσι
1654 2852 1766 2916 καὶ
1796 2850 2192 2934 διελέγχουσι
2218 2852 2297 2915 τὰ
2326 2857 2748 2939 πεπραγμένα

393 2950 545 3036 ἡμῖν
578 2953 760 3038 παρὰ
789 2953 897 3019 τὸν
926 2957 1088 3037 βίον,
1132 2956 1239 3018 καὶ
1286 2953 1543 3041 σφόδρα
1580 2954 1748 3031 τινὲς
1788 2953 1992 3018 αὐτῶν
2036 2954 2408 3035 ἀξιόπιστοι
2453 2953 2750 3019 δοκοῦσιν

397 3055 510 3120 ἅτε
554 3055 656 3120 ἀεὶ
693 3058 993 3136 ξυνοῦσαι
1031 3058 1138 3121 καὶ
1165 3056 1490 3142 μηδέποτε
1529 3056 1965 3141 ἀφιστάμεναι
1992 3069 2118 3121 τῶν
2146 3057 2474 3139 σωμάτων.
2555 3061 2653 3124 12.
2713 3057 2748 3122 ὃ

398 3156 436 3222 δ
443 3155 459 3179 ‘
500 3153 607 3223 οὗν
650 3163 867 3236 Μίνως
908 3159 1230 3241 ἐπιμελῶς
1274 3156 1585 3240 ἐξετάζων
1630 3159 2020 3243 ἀπέπεμπεν
2063 3159 2326 3224 ἕκαστον
2369 3159 2436 3236 ἐς
2473 3161 2584 3225 τὸν
2625 3172 2750 3225 τῶν

397 3259 649 3344 ἀσεβῶν
676 3273 887 3348 χῶρον
917 3261 1095 3348 δίκην
1136 3262 1459 3348 ὑφέξοντα
1503 3262 1642 3326 κατ’
1676 3262 1869 3343 ἀξίαν
1908 3275 2032 3327 τῶν
2073 3262 2546 3350 τετολμημένων
2589 3313 2601 3326 .
2639 3311 2652 3325 .
2688 3311 2701 3325 .
2733 3311 2745 3326 .

568 3366 644 3431 In
691 3367 910 3447 capite
973 3367 1053 3431 13
1098 3367 1454 3449 Dionysius
1516 3370 1845 3450 tyrannus
1913 3387 1953 3433 a
1999 3367 2212 3432 Dione
2272 3372 2621 3433 accusatur
2680 3371 2749 3433 et

398 3468 811 3535 convincitur
852 3468 1009 3533 ὑπὸ
1053 3478 1189 3554 τῆς
1233 3480 1492 3545 σκιᾶς.

569 3572 894 3654 Catapl.
935 3592 984 3638 c.
1036 3575 1145 3639 13:

570 3680 637 3736 Κ
643 3672 922 3738 λωθώε
979 3684 1233 3738 Παῦσαι
1291 3673 1590 3745 ἀπειλῶν,
1652 3671 1816 3735 ἀλλὰ
1872 3670 2143 3759 ἔμβηθι·
2207 3671 2432 3761 καιρὸς
2481 3672 2597 3760 ἤδη
2643 3694 2751 3738 σοι

397 3772 691 3839 ἀπαντᾶν
736 3771 845 3840 ἐπὶ
877 3776 950 3840 τὸ
995 3775 1409 3863 δικαστήριον.

571 3886 648 3941 Μ
653 3900 685 3941 ε
697 3882 1156 3967 γαπένθηςε
1183 3879 1311 3943 Καὶ
1339 3883 1439 3955 τίς
1470 3878 1736 3958 ἀξιώσει
1767 3878 1906 3941 κατ’
1938 3877 2164 3963 ἀνδρὸς
2189 3882 2491 3964 τυράννου
2523 3889 2751 3964 ψῆφον

398 3980 650 4062 λαβεῖν,·

570 4083 734 4152 Κλ..·
775 4083 958 4148 Κατὰ
995 4088 1294 4170 τυράννου
1334 4083 1447 4167 μὲν
1492 4084 1716 4160 οὐδείς,
1784 4084 1947 4149 κατὰ
1991 4095 2212 4170 νεκροῦ
2256 4083 2326 4148 δὲ
2388 4084 2422 4148 ὃ
2468 4081 2749 4147 Ῥαδά-

394 4189 851 4267 μανθυς..

576 4290 743 4355 Ibid.
789 4311 841 4356 c.
889 4292 1000 4356 18:

574 4400 651 4455 Μ
655 4392 938 4458 ίκυλλο
956 4415 989 4469 ς
1007 4417 1029 4457 .·
1063 4393 1341 4471 Ἅδικεῖς,
1388 4390 1439 4457 ὦ
1470 4396 1725 4479 Χάρων,
1759 4393 1959 4458 ἕωλον
1987 4391 2101 4478 ἤδη
2130 4391 2349 4476 νεκρὸν
2377 4389 2751 4472 ἀπολιμπά-
