3475 5118
1127 1701 1553 1801 OAPVT
1604 1699 2143 1801 PRIMVM

639 1990 942 2056 Animam
982 1990 1329 2056 humanam
1359 1992 1567 2055 morte
1598 2008 1724 2055 non
1755 1988 1987 2072 perire,
2031 1988 2224 2054 immo
2266 1988 2537 2071 servari,
2581 1992 2659 2053 ut
2701 1994 2819 2054 aut

467 2094 648 2160 vitae
665 2093 773 2175 pie
789 2097 1143 2174 sancteque
1169 2097 1478 2175 peractae
1493 2091 1805 2174 praemiis
1828 2095 2175 2157 ornaretur
2198 2094 2316 2156 aut
2331 2090 2640 2156 vitiorum
2670 2109 2820 2173 sup-

468 2196 683 2278 pliciis
715 2201 1094 2279 vexaretur,
1127 2197 1301 2277 apud
1332 2213 1443 2259 eas
1475 2192 1898 2275 antiquitatis
1934 2196 2185 2275 genteS,
2231 2211 2398 2273 quae
2428 2193 2689 2274 quidem
2719 2211 2820 2258 su·

467 2299 727 2379 periore
758 2317 914 2364 usae
953 2303 1110 2363 sunt
1150 2297 1332 2363 cultu
1379 2301 1577 2376 atque
1610 2295 2024 2361 humanitate
2067 2333 2154 2342 —
2188 2295 2428 2362 Persas
2458 2295 2822 2379 Aegyptios

469 2401 749 2466 Iudaeos
796 2399 1078 2466 Graecos
1138 2399 1282 2464 dico
1326 2436 1412 2445 —
1455 2398 1925 2480 posterioribus
1985 2402 2165 2465 certe
2216 2397 2620 2479 temporibus
2678 2417 2821 2465 esse

467 2502 790 2569 creditum
836 2501 1013 2569 inter
1057 2521 1272 2569 rerum
1330 2520 1663 2569 sacrarum
1721 2501 1966 2585 peritos
2026 2506 2300 2570 constat.
2409 2502 2590 2568 Deus
2651 2501 2821 2569 enim

472 2605 729 2689 aliquis,
796 2610 914 2671 aut
975 2605 1224 2671 iudices
1292 2606 1375 2672 ab
1437 2624 1512 2671 eo
1572 2605 1911 2671 iudicandi
1964 2624 2230 2671 munere
2276 2606 2496 2671 ornati
2538 2611 2822 2671 mortuos

470 2711 629 2774 ante
665 2708 959 2774 tribunal
1011 2709 1225 2775 citant
1275 2713 1360 2792 et,
1414 2710 1590 2790 apud
1649 2727 1920 2789 superos
1979 2726 2144 2789 quae
2197 2708 2471 2789 quisque
2522 2707 2822 2791 gesserit,

468 2815 713 2892 cogunt
779 2809 997 2877 fateri.
1086 2813 1332 2877 Tamen
1398 2811 1549 2876 illas
1616 2810 1953 2892 opiniones
2017 2812 2212 2875 rudes
2273 2816 2473 2891 atque
2538 2810 2823 2876 incultas

472 2911 936 2993 antiquissima
981 2913 1378 2979 Graecorum
1424 2917 1645 2978 aetate
1690 2912 1895 2977 fuisse
1940 2916 2006 2978 et
2049 2917 2279 2993 postea
2320 2917 2580 2977 tantum
2624 2931 2821 2994 pau·

468 3015 717 3081 latim
782 3015 883 3081 ita
955 3014 1312 3098 evaluisse,
1382 3020 1457 3080 ut
1513 3017 1598 3081 ad
1658 3014 2008 3096 imaginem
2082 3015 2285 3081 talem
2346 3015 2823 3097 depingendam

470 3122 737 3201 possent
789 3118 1098 3201 componi,
1159 3137 1302 3184 cum
1349 3117 1617 3183 Carolus
1661 3117 1874 3182 Lehrs
1898 3117 1947 3202 ¹)
2007 3121 2147 3183 tum
2191 3118 2480 3185 Ervinus
2522 3117 2751 3183 Rohde
2772 3118 2823 3204 2)

468 3240 587 3287 nos
634 3224 1009 3298 docuerunt,
1071 3240 1214 3287 cum
1272 3221 1542 3286 Homeri
1599 3219 2002 3302 temporibus
2045 3223 2327 3286 nondum
2373 3219 2666 3303 viguisse
2710 3240 2824 3288 eas

477 3324 788 3405 puniendi
847 3330 964 3390 aut
1030 3324 1324 3406 praemia
1386 3323 1723 3390 tribuendi
1798 3322 2091 3389 rationes
2163 3328 2594 3406 exponerent,
2660 3343 2824 3404 quas

471 3424 628 3490 inde
689 3445 731 3490 a
772 3427 1070 3493 Platonis
1114 3426 1426 3493 memoria
1467 3425 1838 3493 invenimus
1884 3426 2072 3507 quasi
2122 3426 2397 3493 adultas.
2484 3427 2706 3507 Atque
2750 3436 2827 3492 ut

475 3527 708 3608 paucis
753 3528 1087 3611 explicem,
1146 3548 1313 3609 quae
1369 3528 1531 3594 mihi
1590 3528 1693 3594 his
1754 3527 2080 3594 schedulis
2144 3527 2534 3608 inquirenda
2597 3548 2826 3611 propo-

473 3629 745 3696 suerim:
812 3631 882 3695 id
925 3635 1190 3696 acturus
1235 3649 1394 3713 sum,
1450 3636 1542 3715 ut,
1599 3650 1768 3712 quae
1813 3634 2080 3697 exstant
2122 3630 2340 3696 ultimi
2381 3630 2608 3696 iudicii
2652 3633 2826 3713 apud

473 3737 736 3799 veteres
811 3732 1191 3799 testimonia
1273 3752 1467 3814 quam
1544 3732 2047 3816 diligentissime
2127 3732 2430 3817 colligam
2517 3737 2823 3815 certoque

472 3835 702 3901 ordine
748 3836 1104 3919 disponam,
1147 3836 1246 3902 ita
1290 3840 1380 3920 ut,
1421 3838 1732 3917 quomodo
1769 3836 1918 3902 illas
1962 3835 2295 3918 opiniones
2339 3836 2469 3903 sibi
2511 3835 2826 3902 finxerint

479 3936 757 4003 diversis
799 3939 1202 4021 temporibus
1249 3957 1711 4022 cognoscamus
1742 3939 1883 4006 sive
1912 3938 2220 4022 theologi,
2264 3938 2404 4007 sive
2438 3938 2825 4020 philosophi,

471 4038 616 4105 sive
659 4045 926 4122 poetae;
982 4060 1134 4106 nam
1177 4047 1399 4107 utrum
1443 4042 1528 4108 ab
1574 4042 1871 4108 omnibus
1923 4040 2173 4108 fuerint
2208 4045 2513 4122 receptae
2553 4039 2823 4105 homini-

474 4143 599 4207 bus
661 4161 899 4226 necne,
974 4144 1315 4226 disputant
1382 4145 1596 4210 adhuc
1657 4143 1789 4210 viri
1855 4143 2290 4228 doctissimist)
2354 4161 2564 4223 neque
2629 4140 2823 4207 facile

644 4312 686 4381 ²)
721 4314 990 4382 Populare
1025 4313 1325 4368 Aufsiitze²
1357 4330 1410 4381 p.
1445 4312 1549 4367 303
1567 4329 1680 4381 sqq.
1903 4311 1946 4381 ⁹)
1983 4311 2191 4379 Psyche
2226 4312 2279 4366 1²
2314 4328 2365 4379 p.
2401 4310 2505 4365 308
2522 4327 2636 4378 sqq.

650 4396 691 4466 ³)
728 4399 934 4466 Psyche
970 4399 1036 4453 1²
1070 4416 1122 4467 p.
1158 4399 1260 4452 309
1295 4399 1476 4453 adnot.
1513 4399 1560 4454 2.

576 4492 1215 4553 Religionsgeschichtli'che
1241 4498 1482 4544 Versuche
1508 4510 1555 4543 u.
1585 4496 1900 4544 Vorarbeiten
1927 4498 1988 4541 11.
2449 4478 2483 4532 3
