3475 5118
574 408 666 498 9‘8
1490 404 1523 413 ”’
1638 427 1700 484 n.
1736 429 1885 485 num
1960 448 2022 457 ·-
2819 429 2932 520 [66

1667 784 1838 859 VIII

704 943 928 1010 ¹Haec
984 941 1206 1024 habui,
1267 959 1440 1022 quae
1502 941 1583 1008 de
1642 939 2039 1006 Graecorum
2097 943 2166 1006 et
2207 940 2642 1007 Romanorum
2700 941 2932 1009 ultimo

573 1046 818 1115 iudicio
861 1045 1284 1127 disputarem.
1292 1042 1343 1129 1)
1432 1042 1625 1109 Nunc
1654 1041 1969 1109 nonnulla
2013 1043 2257 1109 addere
2299 1042 2460 1109 mihi
2501 1043 2720 1128 liceat,
2767 1064 2932 1127 quae

574 1151 661 1217 ad
686 1148 1207 1216 Christianorum
1236 1147 1320 1212 de
1367 1144 1597 1211 ultimo
1627 1144 1868 1215 iudicio
1891 1145 2268 1227 pertineant
2289 1145 2643 1229 opiniones.
2688 1146 2928 1233 Quam·

574 1270 775 1335 quam
826 1250 998 1317 enim
1059 1268 1101 1315 a
1141 1247 1446 1331 patribus
1489 1247 1957 1314 ecclesiasticis
2019 1247 2131 1330 qui
2188 1253 2506 1317 vocantur
2548 1248 2932 1330 saepissime

576 1355 805 1440 agitur
849 1356 928 1420 de
956 1351 1073 1419 illo
1125 1350 1388 1434 iudicio,
1432 1355 1651 1416 tamen
1696 1350 1877 1416 nullo
1907 1349 2047 1417 fere
2078 1351 2216 1417 loco
2247 1370 2357 1418 eos
2400 1351 2470 1416 in
2499 1352 2931 1435 depingendis

572 1455 874 1525 formulis
940 1454 1354 1536 antiquorum
1418 1452 1757 1534 opiniones
1833 1471 1976 1520 esse
2039 1458 2298 1520 secutos
2361 1453 2611 1535 poteris
2674 1457 2930 1520 demon-

570 1545 809 1631 strare.
819 1558 869 1643 ²)
955 1557 1157 1631 Immo
1217 1561 1448 1624 contra
1504 1554 1837 1638 opiniones
1893 1555 2417 1639 philosophorum
2475 1561 2544 1623 et
2589 1563 2932 1640 poetarum

572 1662 764 1729 nobis
824 1660 988 1727 satis
1043 1663 1236 1726 notas
1305 1662 1625 1743 pugnant,
1690 1658 1934 1742 quippe
1994 1658 2107 1740 qui
2170 1657 2353 1724 istud
2395 1659 2711 1725 iudicium
2753 1661 2931 1743 apud

576 1762 824 1841 inferos
866 1761 1334 1845 proposuerint.
1424 1759 1620 1827 Talia
1666 1763 1933 1826 exstant
1975 1760 2362 1827 testimonia
2404 1765 2489 1827 ad
2534 1761 2931 1829 Graecorum

572 1871 643 1935 et
713 1866 1148 1933 Romanorum
1219 1862 1530 1929 iudicium
1604 1862 1932 1929 infernum
2003 1863 2378 1947 spectantia
2451 1863 2616 1930 satis
2704 1865 2929 1947 multa,

573 1987 843 2052 quorum
898 1966 1157 2036 nomino
1216 1966 1425 2037 Iust
1486 1966 1727 2033 Mart.
1791 1967 1955 2048 apol.
2001 1985 2051 2032 c.
2098 1968 2138 2032 8
2185 1966 2297 2049 qui
2339 1967 2686 2034 Platonem
2731 1967 2924 2048 citat;

576 2071 909 2143 Tatian.
975 2089 1028 2136 c.
1073 2070 1185 2137 Gr.
1251 2088 1313 2152 p.
1358 2071 1398 2135 6
1466 2068 1591 2155 (ed.
1635 2068 1756 2134 Ed.
1801 2069 2194 2151 Schwartz);
2252 2069 2662 2154 Athenag.
2725 2069 2930 2152 legat

564 2193 687 2261 pro
743 2173 966 2241 christ.
1015 2191 1068 2238 c.
1120 2174 1234 2253 123
1300 2170 1815 2249 Tertulliau.
1873 2173 1958 2238 ad
2008 2176 2142 2237 nat.
2192 2172 2244 2256 Ι,
2291 2173 2389 2255 19,
2447 2173 2613 2254 apol.
2656 2171 2929 2254 XXIII3

570 2278 964 2344 Lactant.
1008 2276 1139 2343 div.
1182 2275 1336 2349 inst.
1370 2275 1494 2358 ΠΙ,
1552 2276 1636 2342 20
1683 2278 1753 2340 et
1796 2273 1946 2358 VII,
1989 2275 2091 2341 22.
2192 2274 2293 2367 Ac
2333 2274 2597 2358 mirum,
2644 2276 2814 2356 quod
2858 2275 2929 2340 in

562 2378 675 2446 'his
720 2379 979 2446 Aeacus
1024 2397 1064 2444 a
1106 2377 1467 2444 Lactantio
1511 2378 1646 2444 solo
1691 2378 1777 2462 (V
1777 2377 1866 2459 ΙΙ,
1907 2377 2016 2463 22)
2060 2376 2465 2461 nominatur,
2523 2396 2667 2443 cum
2713 2376 2928 2443 Minos

573 2486 643 2551 et
711 2480 1257 2547 Rhadamanthus
1331 2478 1626 2547 omnibus
1698 2498 1859 2562 quos
1949 2479 2154 2546 citavi
2240 2479 2399 2545 locis
2487 2479 2927 2547 inveniantur.

562 2584 802 2673 *Neque
834 2583 1007 2650 enim
1038 2602 1184 2650 eum
1213 2582 1521 2650 omissum
1550 2601 1695 2649 esse
1723 2584 1936 2648 habeo
1964 2601 2364 2667 persuasum,
2409 2586 2581 2664 quod
2609 2583 2928 2665 paulatim

568 2685 702 2755 alio
744 2704 1012 2754 munere
1053 2689 1417 2769 ornaretur,
1460 2704 1609 2751 nam
1653 2685 2041 2769 philosophi,
2100 2704 2371 2768 quorum
2412 2685 2729 2769 imprimis
2774 2686 2925 2751 Pla-

558 2783 786 2864 {tonem
864 2793 1094 2872 patres
1162 2787 1597 2856 ecclesiastici
1641 2787 1998 2871 nominant,
2057 2792 2127 2854 et
2183 2793 2417 2872 poetae
2493 2788 2633 2857 fere
2706 2807 2927 2856 omnes

742 3028 783 3098 ¹)
818 3029 901 3083 De
934 3028 1393 3086 Etruscorum
1428 3026 1626 3083 iudicio
1661 3042 1837 3096 pauca
1869 3027 2004 3083 mihi
2027 3027 2224 3082 afferre
2238 3027 2416 3095 liceat,
2440 3044 2568 3082 nam
2591 3027 2690 3082 illa
2714 3043 2924 3096 quoque

564 3130 702 3185 gens
714 3115 814 3169 has
832 3112 1106 3182 opiniones
1123 3112 1319 3169 habuit
1337 3113 1582 3168 excultas
1597 3112 1743 3182 (vide
1755 3113 2146 3168 Dieterichium
2163 3113 2199 3167 1.
2220 3129 2261 3166 s.
2280 3129 2332 3182 p.
2351 3112 2454 3166 210
2473 3113 2653 3167 adnot.
2668 3113 2736 3180 2).
2763 3113 2925 3183 Apud

568 3215 659 3254 eos
694 3199 902 3253 ducunt
936 3197 1179 3268 angeli
1215 3198 1456 3252 animam
1492 3202 1622 3252 ante
1657 3198 1832 3252 Manti
1855 3198 2097 3252 tribunal
2133 3197 2407 3268 (SpiesiuS‚
2444 3198 2924 3269 Entwickelungs-

565 3284 879 3356 geschichte
902 3284 997 3339 der
1013 3283 1440 3353 Vorstellungen
1475 3283 1613 3338 nach
1648 3284 1771 3338 dem
1806 3284 1968 3353 Tode,
2005 3301 2057 3353 p.
2081 3283 2220 3353 334).
2278 3284 2513 3338 Etrusca
2547 3284 2738 3338 tabula
2761 3300 2923 3352 quae·

566 3371 692 3425 dam
740 3374 1093 3424 conservatur
1142 3368 1202 3424 in
1248 3369 1435 3423 Museo
1483 3368 1825 3438 Britannico,
1884 3369 1943 3424 in
1989 3385 2097 3437 qua
2147 3368 2408 3424 iudicium
2460 3375 2581 3424 erat
2631 3369 2922 3437 depictum.

558 3455 771 3511 Exstat
803 3456 936 3511 haec
970 3454 1188 3525 pictura
1211 3453 1363 3510 edita
1394 3454 1454 3510 in
1479 3454 1618 3509 Mon.
1655 3453 1799 3510 ined.
1833 3455 1963 3510 inst.
1988 3456 2062 3524 H,
2098 3455 2210 3509 tab.
2245 3454 2428 3523 53s543
2464 3470 2657 3523 sequor
2692 3454 2924 3523 descrip-

564 3541 785 3611 tionem,
834 3556 975 3610 quae
1018 3540 1304 3596 invenitur
1349 3540 1409 3595 in
1462 3539 1712 3595 Dennisii
1757 3539 1895 3594 libro
1944 3540 2041 3608 qui
2086 3539 2405 3595 inscribitur
2454 3540 2571 3594 The
2605 3538 2763 3594 cities
2816 3539 2923 3595 and

563 3626 867 3682 cimeteries
924 3627 979 3681 of
1035 3625 1263 3681 Etruria
1276 3667 1289 3694 ,
1354 3625 1413 3680 in
1480 3624 1872 3680 Germanorum
1923 3625 2170 3693 linguam
2233 3640 2489 3680 converso
2543 3641 2578 3678 a
2621 3625 2892 3679 Meissnero
2906 3666 2920 3694 ,

564 3712 710 3780 Lips.
748 3711 898 3780 1852,
934 3713 979 3780 I,
1014 3728 1067 3781 p.
1102 3710 1221 3765 289.
1291 3712 1362 3765 In
1397 3711 1533 3766 sella
1579 3711 1759 3765 curuli
1806 3726 1904 3765 rex
1950 3711 2175 3765 sedebat
2207 3726 2481 3780 purpurea
2513 3714 2647 3779 toga
2680 3716 2919 3778 ornatus,

568 3797 627 3853 in
662 3796 844 3866 capite
867 3812 1114 3851 coronam
1138 3800 1362 3866 gestans
1400 3800 1458 3850 et
1493 3802 1770 3865 sceptrum
1805 3802 1996 3850 tenens
2030 3795 2278 3850 manibus
2292 3838 2305 3865 ,
2352 3796 2511 3850 iuxta
2558 3811 2682 3850 eum
2729 3796 2923 3865 regina

566 3887 710 3951 stat3
745 3881 964 3936 Mantus
989 3887 1047 3936 et
1079 3881 1263 3938 Mania
1298 3888 1582 3937 vocantur.
1641 3881 1776 3936 Post
1811 3881 2006 3936 solium
2030 3881 2141 3936 viri
2173 3886 2287 3936 tres
2321 3881 2551 3936 maiores
2586 3887 2725 3937 natu
2760 3886 2919 3936 erant

563 3968 823 4036 collocati,
860 3966 955 4036 qui
989 3973 1324 4022 mortuorum
1358 3966 1563 4021 iudices
1600 3967 1770 4022 fuisse
1804 3967 2075 4023 videntur.
2145 3967 2231 4021 Ab
2271 3972 2508 4035 utraque
2541 3971 2701 4035 parte
2724 3965 2920 4021 deinde

564 4052 840 4108 hominum
875 4068 1072 4122 agmen
1108 4052 1595 4122 appropinquabat,
1632 4069 1858 4121 quorum
1895 4052 2028 4108 alios
2064 4054 2134 4107 ad
2158 4052 2399 4107 tribunal
2431 4053 2527 4123 ire,
2564 4052 2699 4107 alios
2736 4058 2920 4107 autem

561 4139 621 4194 in
657 4139 937 4193 beatorum
973 4153 1185 4207 campos
1219 4137 1372 4192 mitti
1409 4137 1678 4206 suspicati
1713 4142 1845 4192 sunt
1888 4137 1998 4193 viri
2032 4137 2193 4193 docti.
2285 4137 2389 4193 Sed
2435 4136 2573 4193 certi
2620 4137 2919 4207 quidquam

562 4229 809 4279 statuere
844 4239 952 4277 non
985 4222 1174 4278 licebit
1206 4223 1266 4277 in
1301 4227 1466 4277 tanta
1499 4223 1934 4278 testimoniorum
1970 4224 2292 4293 exiguitate.

735 4325 778 4395 ²)
812 4325 1082 4381 Iudicium
1107 4341 1138 4380 e
1161 4325 1597 4381 Christianorum
1630 4325 1917 4381 sententiis
1936 4342 2057 4381 cum
2087 4326 2217 4382 alibi
2240 4326 2459 4396 planius
2481 4325 2813 4395 descriptum
2837 4324 2919 4380 in-

562 4411 748 4467 venies
782 4416 901 4466 tum
935 4411 995 4466 in
1052 4410 1244 4467 Orac.
1281 4409 1536 4479 Sibyll.
1575 4411 1660 4466 ed.
1695 4411 1972 4481 Geffcken,
2007 4411 2081 4481 H,
2118 4412 2220 4465 214
2236 4427 2352 4481 sqq.
2387 4417 2447 4467 et
2481 4412 2639 4480 VIII,
2675 4411 2777 4464 217
2801 4425 2918 4478 sqq.
