<?xml version="1.0" encoding="UTF-8"?>
<!DOCTYPE html PUBLIC "-//W3C//DTD XHTML 1.0 Transitional//EN"
    "http://www.w3.org/TR/xhtml1/DTD/xhtml1-transitional.dtd">
<html xmlns="http://www.w3.org/1999/xhtml" xml:lang="en" lang="en">
 <head>
  <title>
</title>
<meta http-equiv="Content-Type" content="text/html;charset=utf-8" />
  <meta name='ocr-system' content='tesseract 3.04.00' />
  <meta name='ocr-capabilities' content='ocr_page ocr_carea ocr_par ocr_line ocrx_word'/>
</head>
<body>
  <div class='ocr_page' id='page_1' title='image "./demortuorumiudi00ruhlgoog_0029.png"; bbox 0 0 3475 5118; ppageno 0'>
   <div class='ocr_carea' id='block_1_1' title="bbox 444 358 2799 445">
    <p class='ocr_par' dir='ltr' id='par_1_1' title="bbox 444 358 2799 445">
     <span class='ocr_line' id='line_1_1' title="bbox 444 358 2799 445; baseline -0.004 -27"><span class='ocrx_word' id='word_1_1' title='bbox 444 358 552 445; x_wconf 83' lang='grc'><strong>21]</strong></span> <span class='ocrx_word' id='word_1_2' title='bbox 1286 358 1368 413; x_wconf 89' lang='lat' dir='ltr'><strong>De</strong></span> <span class='ocrx_word' id='word_1_3' title='bbox 1403 364 1739 415; x_wconf 84' lang='lat' dir='ltr'><strong>mortuorum</strong></span> <span class='ocrx_word' id='word_1_4' title='bbox 1773 361 1973 415; x_wconf 88' lang='lat' dir='ltr'><strong>iudicio</strong></span> <span class='ocrx_word' id='word_1_5' title='bbox 2715 368 2799 434; x_wconf 86' lang='lat'><strong>53</strong></span> 
     </span>
    </p>
   </div>
   <div class='ocr_carea' id='block_1_2' title="bbox 439 527 2799 1644">
    <p class='ocr_par' dir='ltr' id='par_1_2' title="bbox 439 527 2799 714">
     <span class='ocr_line' id='line_1_2' title="bbox 445 527 2799 616; baseline 0.002 -20"><span class='ocrx_word' id='word_1_6' title='bbox 445 529 737 611; x_wconf 88' lang='lat' dir='ltr'><strong>loquitur</strong></span> <span class='ocrx_word' id='word_1_7' title='bbox 784 535 1015 594; x_wconf 79' lang='lat' dir='ltr'>auctor</span> <span class='ocrx_word' id='word_1_8' title='bbox 1036 527 1086 612; x_wconf 87' lang='grc'><strong>1)</strong></span> <span class='ocrx_word' id='word_1_9' title='bbox 1130 528 1317 595; x_wconf 91' lang='lat' dir='ltr'><strong>nobis</strong></span> <span class='ocrx_word' id='word_1_10' title='bbox 1375 529 1641 611; x_wconf 91' lang='lat' dir='ltr'><strong>ignotus</strong></span> <span class='ocrx_word' id='word_1_11' title='bbox 1700 549 1909 612; x_wconf 88' lang='lat' dir='ltr'><strong>neque</strong></span> <span class='ocrx_word' id='word_1_12' title='bbox 1973 533 2054 598; x_wconf 90' lang='lat' dir='ltr'><strong>de</strong></span> <span class='ocrx_word' id='word_1_13' title='bbox 2121 532 2398 616; x_wconf 89' lang='lat' dir='ltr'><strong>singulis</strong></span> <span class='ocrx_word' id='word_1_14' title='bbox 2463 533 2799 602; x_wconf 86' lang='lat' dir='ltr'><strong>iudicandi</strong></span> 
     </span>
     <span class='ocr_line' id='line_1_3' title="bbox 439 631 2374 714; baseline 0.003 -17"><span class='ocrx_word' id='word_1_15' title='bbox 439 631 758 714; x_wconf 88' lang='lat' dir='ltr'><strong>formulis,</strong></span> <span class='ocrx_word' id='word_1_16' title='bbox 816 649 980 712; x_wconf 88' lang='lat' dir='ltr'><strong>quas</strong></span> <span class='ocrx_word' id='word_1_17' title='bbox 1033 632 1206 712; x_wconf 89' lang='lat' dir='ltr'><strong>apud</strong></span> <span class='ocrx_word' id='word_1_18' title='bbox 1251 631 1595 697; x_wconf 83' lang='lat' dir='ltr'><strong>Platonem</strong></span> <span class='ocrx_word' id='word_1_19' title='bbox 1638 632 1852 714; x_wconf 92' lang='lat' dir='ltr'><strong>ipsum</strong></span> <span class='ocrx_word' id='word_1_20' title='bbox 1897 633 2374 702; x_wconf 78' lang='lat' dir='ltr'><strong>inveneramus,</strong></span> 
     </span>
    </p>

    <p class='ocr_par' dir='ltr' id='par_1_3' title="bbox 439 732 2799 1230">
     <span class='ocr_line' id='line_1_4' title="bbox 613 732 2799 820; baseline 0.003 -20"><span class='ocrx_word' id='word_1_21' title='bbox 613 733 1020 800; x_wconf 79' lang='lat' dir='ltr'><strong>Platonis</strong></span> <span class='ocrx_word' id='word_1_22' title='bbox 1083 732 1332 814; x_wconf 81' lang='lat' dir='ltr'><strong>epist.</strong></span> <span class='ocrx_word' id='word_1_23' title='bbox 1375 734 1525 800; x_wconf 83' lang='lat' dir='ltr'><strong>VII.</strong></span> <span class='ocrx_word' id='word_1_24' title='bbox 1593 754 1760 816; x_wconf 88' lang='lat' dir='ltr'><strong>quae</strong></span> <span class='ocrx_word' id='word_1_25' title='bbox 1804 736 2020 801; x_wconf 90' lang='lat' dir='ltr'><strong>fertur</strong></span> <span class='ocrx_word' id='word_1_26' title='bbox 2077 736 2378 820; x_wconf 79' lang='lat' dir='ltr'><strong>(Epistol.</strong></span> <span class='ocrx_word' id='word_1_27' title='bbox 2425 739 2657 807; x_wconf 80' lang='lat' dir='ltr'><strong>Graec.</strong></span> <span class='ocrx_word' id='word_1_28' title='bbox 2703 743 2799 808; x_wconf 92' lang='lat' dir='ltr'><strong>ed.</strong></span> 
     </span>
     <span class='ocr_line' id='line_1_5' title="bbox 439 834 2799 924; baseline 0.003 -22"><span class='ocrx_word' id='word_1_29' title='bbox 439 837 738 903; x_wconf 83' lang='lat' dir='ltr'><strong>Hercher</strong></span> <span class='ocrx_word' id='word_1_30' title='bbox 768 857 827 918; x_wconf 91' lang='lat' dir='ltr'><strong>p.</strong></span> <span class='ocrx_word' id='word_1_31' title='bbox 874 835 1056 920; x_wconf 81' lang='lat'>510):</span> <span class='ocrx_word' id='word_1_32' title='bbox 1122 836 1488 900; x_wconf 74' lang='grc' dir='ltr'><strong><em>πείθεσθαι</em></strong></span> <span class='ocrx_word' id='word_1_33' title='bbox 1532 834 1602 900; x_wconf 82' lang='grc' dir='ltr'><strong>δὲ</strong></span> <span class='ocrx_word' id='word_1_34' title='bbox 1648 835 1844 914; x_wconf 82' lang='grc' dir='ltr'><strong><em>ὄντως</em></strong></span> <span class='ocrx_word' id='word_1_35' title='bbox 1888 836 1990 902; x_wconf 85' lang='grc' dir='ltr'><strong>ἀεὶ</strong></span> <span class='ocrx_word' id='word_1_36' title='bbox 2033 838 2149 924; x_wconf 81' lang='grc' dir='ltr'><strong>χρὴ</strong></span> <span class='ocrx_word' id='word_1_37' title='bbox 2192 850 2329 916; x_wconf 92' lang='grc' dir='ltr'><strong><em>τοῖς</em></strong></span> <span class='ocrx_word' id='word_1_38' title='bbox 2371 840 2682 919; x_wconf 75' lang='grc' dir='ltr'><strong><em>παλαιοῖς</em></strong></span> <span class='ocrx_word' id='word_1_39' title='bbox 2731 867 2799 908; x_wconf 85' lang='grc' dir='ltr'><strong>τε</strong></span> 
     </span>
     <span class='ocr_line' id='line_1_6' title="bbox 440 937 2793 1029; baseline 0.003 -26"><span class='ocrx_word' id='word_1_40' title='bbox 440 940 548 1004; x_wconf 86' lang='grc' dir='ltr'><strong>καὶ</strong></span> <span class='ocrx_word' id='word_1_41' title='bbox 608 938 805 1026; x_wconf 81' lang='grc' dir='ltr'><strong><em>ἱεροῖς</em></strong></span> <span class='ocrx_word' id='word_1_42' title='bbox 863 938 1098 1020; x_wconf 80' lang='grc' dir='ltr'><strong><em>λόγοις,</em></strong></span> <span class='ocrx_word' id='word_1_43' title='bbox 1160 939 1224 1002; x_wconf 86' lang='grc' dir='ltr'><strong>οἳ</strong></span> <span class='ocrx_word' id='word_1_44' title='bbox 1282 937 1356 1024; x_wconf 77' lang='grc' dir='ltr'><strong>δὴ</strong></span> <span class='ocrx_word' id='word_1_45' title='bbox 1412 942 1751 1024; x_wconf 81' lang='grc' dir='ltr'><strong><em>μηνύουσιν</em></strong></span> <span class='ocrx_word' id='word_1_46' title='bbox 1804 939 1952 1023; x_wconf 85' lang='grc' dir='ltr'><strong><em>ἡμῖν</em></strong></span> <span class='ocrx_word' id='word_1_47' title='bbox 1996 940 2322 1006; x_wconf 75' lang='grc' dir='ltr'><strong><em>ἀθάνατον</em></strong></span> <span class='ocrx_word' id='word_1_48' title='bbox 2366 944 2574 1029; x_wconf 82' lang='grc' dir='ltr'><strong><em>ψυχὴν</em></strong></span> <span class='ocrx_word' id='word_1_49' title='bbox 2632 940 2793 1010; x_wconf 82' lang='grc' dir='ltr'><strong><em>εἶναι</em></strong></span> 
     </span>
     <span class='ocr_line' id='line_1_7' title="bbox 443 1038 2793 1130; baseline 0.002 -24"><span class='ocrx_word' id='word_1_50' title='bbox 443 1042 745 1117; x_wconf 78' lang='grc' dir='ltr'><strong><em>δικαστάς</em></strong></span> <span class='ocrx_word' id='word_1_51' title='bbox 784 1065 853 1105; x_wconf 88' lang='grc' dir='ltr'><strong>τε</strong></span> <span class='ocrx_word' id='word_1_52' title='bbox 895 1038 1102 1120; x_wconf 77' lang='grc' dir='ltr'><strong><em>ἴσχειν</em></strong></span> <span class='ocrx_word' id='word_1_53' title='bbox 1143 1041 1253 1105; x_wconf 86' lang='grc' dir='ltr'><strong>καὶ</strong></span> <span class='ocrx_word' id='word_1_54' title='bbox 1290 1044 1480 1106; x_wconf 82' lang='grc' dir='ltr'><strong><em>τίνειν</em></strong></span> <span class='ocrx_word' id='word_1_55' title='bbox 1531 1042 1646 1118; x_wconf 82' lang='grc' dir='ltr'><strong>τὰς</strong></span> <span class='ocrx_word' id='word_1_56' title='bbox 1690 1046 1993 1126; x_wconf 81' lang='grc' dir='ltr'><strong><em>μεγίστας</em></strong></span> <span class='ocrx_word' id='word_1_57' title='bbox 2028 1048 2359 1130; x_wconf 80' lang='grc' dir='ltr'><strong><em>τιμωρίας,</em></strong></span> <span class='ocrx_word' id='word_1_58' title='bbox 2407 1045 2557 1111; x_wconf 79' lang='grc' dir='ltr'><strong><em>ὅταν</em></strong></span> <span class='ocrx_word' id='word_1_59' title='bbox 2588 1046 2793 1111; x_wconf 82' lang='grc' dir='ltr'><strong><em>ἀπαλ-</em></strong></span> 
     </span>
     <span class='ocr_line' id='line_1_8' title="bbox 440 1146 1171 1230; baseline -0.001 -22"><span class='ocrx_word' id='word_1_60' title='bbox 440 1146 654 1230; x_wconf 79' lang='grc' dir='ltr'><strong><em>λαχθῇ</em></strong></span> <span class='ocrx_word' id='word_1_61' title='bbox 705 1155 817 1208; x_wconf 86' lang='grc' dir='ltr'><strong>τοῦ</strong></span> <span class='ocrx_word' id='word_1_62' title='bbox 861 1147 1171 1225; x_wconf 84' lang='grc' dir='ltr'><strong><em>σώματος.</em></strong></span> 
     </span>
    </p>

    <p class='ocr_par' dir='ltr' id='par_1_4' title="bbox 442 1247 2794 1433">
     <span class='ocr_line' id='line_1_9' title="bbox 612 1247 2794 1329; baseline 0.004 -16"><span class='ocrx_word' id='word_1_63' title='bbox 612 1247 1046 1315; x_wconf 77' lang='lat' dir='ltr'><strong>Consentiunt</strong></span> <span class='ocrx_word' id='word_1_64' title='bbox 1106 1267 1250 1314; x_wconf 90' lang='lat' dir='ltr'><strong>cum</strong></span> <span class='ocrx_word' id='word_1_65' title='bbox 1309 1248 1515 1329; x_wconf 89' lang='lat' dir='ltr'><strong>ipsius</strong></span> <span class='ocrx_word' id='word_1_66' title='bbox 1574 1250 1877 1316; x_wconf 89' lang='lat' dir='ltr'><strong>Platonis</strong></span> <span class='ocrx_word' id='word_1_67' title='bbox 1944 1251 2294 1316; x_wconf 86' lang='lat' dir='ltr'><strong>sententiis</strong></span> <span class='ocrx_word' id='word_1_68' title='bbox 2359 1254 2523 1319; x_wconf 89' lang='lat' dir='ltr'><strong>haec</strong></span> <span class='ocrx_word' id='word_1_69' title='bbox 2587 1256 2794 1321; x_wconf 90' lang='lat' dir='ltr'><strong>verba</strong></span> 
     </span>
     <span class='ocr_line' id='line_1_10' title="bbox 442 1353 1841 1433; baseline 0 -16"><span class='ocrx_word' id='word_1_70' title='bbox 442 1354 664 1417; x_wconf 92' lang='lat' dir='ltr'><strong>eodem</strong></span> <span class='ocrx_word' id='word_1_71' title='bbox 708 1353 894 1417; x_wconf 90' lang='lat' dir='ltr'><strong>modo</strong></span> <span class='ocrx_word' id='word_1_72' title='bbox 940 1371 1065 1433; x_wconf 90' lang='lat' dir='ltr'><strong>quo</strong></span> <span class='ocrx_word' id='word_1_73' title='bbox 1111 1371 1188 1417; x_wconf 87' lang='lat' dir='ltr'><strong>ea</strong></span> <span class='ocrx_word' id='word_1_74' title='bbox 1234 1370 1404 1432; x_wconf 90' lang='lat' dir='ltr'><strong>quae</strong></span> <span class='ocrx_word' id='word_1_75' title='bbox 1448 1358 1841 1433; x_wconf 89' lang='lat' dir='ltr'><strong>sequuntur:</strong></span> 
     </span>
    </p>

    <p class='ocr_par' dir='ltr' id='par_1_5' title="bbox 440 1454 2793 1644">
     <span class='ocr_line' id='line_1_11' title="bbox 611 1454 2793 1540; baseline 0.001 -21"><span class='ocrx_word' id='word_1_76' title='bbox 611 1454 1013 1520; x_wconf 89' lang='lat' dir='ltr'><strong>Platonis</strong></span> <span class='ocrx_word' id='word_1_77' title='bbox 1059 1456 1229 1535; x_wconf 89' lang='lat' dir='ltr'><strong>quod</strong></span> <span class='ocrx_word' id='word_1_78' title='bbox 1273 1454 1488 1520; x_wconf 88' lang='lat' dir='ltr'><strong>fertur</strong></span> <span class='ocrx_word' id='word_1_79' title='bbox 1531 1455 1787 1538; x_wconf 87' lang='lat' dir='ltr'><strong>epigr.</strong></span> <span class='ocrx_word' id='word_1_80' title='bbox 1822 1457 1901 1521; x_wconf 86' lang='lat'><strong>12</strong></span> <span class='ocrx_word' id='word_1_81' title='bbox 1949 1454 2237 1540; x_wconf 89' lang='lat' dir='ltr'><strong>(Anthol.</strong></span> <span class='ocrx_word' id='word_1_82' title='bbox 2269 1458 2389 1540; x_wconf 86' lang='lat' dir='ltr'><strong>lyr.</strong></span> <span class='ocrx_word' id='word_1_83' title='bbox 2421 1459 2516 1524; x_wconf 92' lang='lat' dir='ltr'><strong>ed.</strong></span> <span class='ocrx_word' id='word_1_84' title='bbox 2546 1457 2793 1524; x_wconf 90' lang='lat' dir='ltr'><strong>Hiller-</strong></span> 
     </span>
     <span class='ocr_line' id='line_1_12' title="bbox 440 1557 1041 1644; baseline 0 -21"><span class='ocrx_word' id='word_1_85' title='bbox 440 1557 705 1624; x_wconf 85' lang='lat' dir='ltr'><strong>Crusius</strong></span> <span class='ocrx_word' id='word_1_86' title='bbox 748 1577 809 1638; x_wconf 91' lang='lat' dir='ltr'><strong>p.</strong></span> <span class='ocrx_word' id='word_1_87' title='bbox 858 1557 1041 1644; x_wconf 87' lang='lat' dir='ltr'><strong>14o):</strong></span> 
     </span>
    </p>
   </div>
   <div class='ocr_carea' id='block_1_3' title="bbox 741 1675 2409 2278">
    <p class='ocr_par' dir='ltr' id='par_1_6' title="bbox 743 1675 2409 1866">
     <span class='ocr_line' id='line_1_13' title="bbox 743 1675 2409 1763; baseline 0.001 -23"><span class='ocrx_word' id='word_1_88' title='bbox 743 1677 1032 1760; x_wconf 86' lang='grc' dir='ltr'><strong><em>Ναυηγόν</em></strong></span> <span class='ocrx_word' id='word_1_89' title='bbox 1074 1701 1156 1758; x_wconf 88' lang='grc' dir='ltr'><strong>με</strong></span> <span class='ocrx_word' id='word_1_90' title='bbox 1201 1675 1527 1763; x_wconf 78' lang='grc' dir='ltr'><strong><em>δέδορκας,</em></strong></span> <span class='ocrx_word' id='word_1_91' title='bbox 1574 1678 1645 1741; x_wconf 85' lang='grc' dir='ltr'><strong>ὃν</strong></span> <span class='ocrx_word' id='word_1_92' title='bbox 1686 1676 1723 1760; x_wconf 83' lang='grc' dir='ltr'><em>ἥ</em></span> <span class='ocrx_word' id='word_1_93' title='bbox 1768 1680 2064 1742; x_wconf 85' lang='grc' dir='ltr'><strong><em>κτείνασα</em></strong></span> <span class='ocrx_word' id='word_1_94' title='bbox 2106 1678 2409 1743; x_wconf 76' lang='grc' dir='ltr'><strong><em>θάλασσα</em></strong></span> 
     </span>
     <span class='ocr_line' id='line_1_14' title="bbox 845 1779 2132 1866; baseline 0.002 -24"><span class='ocrx_word' id='word_1_95' title='bbox 845 1790 1170 1862; x_wconf 78' lang='grc' dir='ltr'><strong><em>γυμνῶσαι</em></strong></span> <span class='ocrx_word' id='word_1_96' title='bbox 1212 1783 1510 1862; x_wconf 81' lang='grc' dir='ltr'><strong><em>πυμάτου</em></strong></span> <span class='ocrx_word' id='word_1_97' title='bbox 1555 1783 1800 1866; x_wconf 84' lang='grc' dir='ltr'><strong><em>φάρεος</em></strong></span> <span class='ocrx_word' id='word_1_98' title='bbox 1840 1779 2132 1863; x_wconf 81' lang='grc' dir='ltr'><strong><em>ᾐδέσατο,</em></strong></span> 
     </span>
    </p>

    <p class='ocr_par' dir='ltr' id='par_1_7' title="bbox 745 1881 2401 2072">
     <span class='ocr_line' id='line_1_15' title="bbox 745 1881 2401 1969; baseline 0.002 -24"><span class='ocrx_word' id='word_1_99' title='bbox 745 1882 1100 1966; x_wconf 74' lang='grc' dir='ltr'><strong><em>ἅνθρωπος</em></strong></span> <span class='ocrx_word' id='word_1_100' title='bbox 1142 1883 1511 1966; x_wconf 80' lang='grc' dir='ltr'><strong><em>παλάμῃσιν</em></strong></span> <span class='ocrx_word' id='word_1_101' title='bbox 1557 1881 1933 1969; x_wconf 84' lang='grc' dir='ltr'><strong><em>ἀταρβήτοις</em></strong></span> <span class='ocrx_word' id='word_1_102' title='bbox 1973 1884 2043 1966; x_wconf 72' lang='grc' dir='ltr'><strong>μ’</strong></span> <span class='ocrx_word' id='word_1_103' title='bbox 2089 1883 2401 1949; x_wconf 80' lang='grc' dir='ltr'><strong><em>ἀπέδυσεν</em></strong></span> 
     </span>
     <span class='ocr_line' id='line_1_16' title="bbox 844 1985 2214 2072; baseline 0.004 -24"><span class='ocrx_word' id='word_1_104' title='bbox 844 1986 1071 2049; x_wconf 86' lang='grc' dir='ltr'><strong><em>τόσσον</em></strong></span> <span class='ocrx_word' id='word_1_105' title='bbox 1115 1985 1269 2071; x_wconf 75' lang='grc' dir='ltr'><strong><em>ἄγος</em></strong></span> <span class='ocrx_word' id='word_1_106' title='bbox 1310 1986 1541 2050; x_wconf 86' lang='grc' dir='ltr'><strong><em>τόσσου</em></strong></span> <span class='ocrx_word' id='word_1_107' title='bbox 1586 1985 1843 2072; x_wconf 82' lang='grc' dir='ltr'><strong><em>κέρδεος</em></strong></span> <span class='ocrx_word' id='word_1_108' title='bbox 1887 1985 2214 2071; x_wconf 79' lang='grc' dir='ltr'><strong><em>ἀράμενος.</em></strong></span> 
     </span>
    </p>

    <p class='ocr_par' dir='ltr' id='par_1_8' title="bbox 741 2083 2332 2278">
     <span class='ocr_line' id='line_1_17' title="bbox 741 2083 2259 2175; baseline 0.001 -23"><span class='ocrx_word' id='word_1_109' title='bbox 741 2099 909 2152; x_wconf 83' lang='grc' dir='ltr'><strong><em>κεῖνο</em></strong></span> <span class='ocrx_word' id='word_1_110' title='bbox 954 2090 1064 2152; x_wconf 86' lang='grc' dir='ltr'><strong>καὶ</strong></span> <span class='ocrx_word' id='word_1_111' title='bbox 1109 2083 1430 2152; x_wconf 80' lang='grc' dir='ltr'><strong><em>ἒνὸύσαιτο</em></strong></span> <span class='ocrx_word' id='word_1_112' title='bbox 1471 2089 1581 2153; x_wconf 88' lang='grc' dir='ltr'><strong>καὶ</strong></span> <span class='ocrx_word' id='word_1_113' title='bbox 1624 2088 1691 2165; x_wconf 78' lang='grc' dir='ltr'><strong>ἐς</strong></span> <span class='ocrx_word' id='word_1_114' title='bbox 1728 2088 1930 2154; x_wconf 71' lang='grc' dir='ltr'><strong><em>Ἀΐδαο</em></strong></span> <span class='ocrx_word' id='word_1_115' title='bbox 1975 2095 2259 2175; x_wconf 82' lang='grc' dir='ltr'><strong><em>φέροιτο,</em></strong></span> 
     </span>
     <span class='ocr_line' id='line_1_18' title="bbox 842 2190 2332 2278; baseline 0.001 -23"><span class='ocrx_word' id='word_1_116' title='bbox 842 2194 955 2255; x_wconf 87' lang='grc' dir='ltr'><strong>καί</strong></span> <span class='ocrx_word' id='word_1_117' title='bbox 994 2215 1104 2273; x_wconf 91' lang='grc' dir='ltr'><strong>μιν</strong></span> <span class='ocrx_word' id='word_1_118' title='bbox 1147 2190 1280 2256; x_wconf 80' lang='grc' dir='ltr'><strong><em>ἰ’ὁοι</em></strong></span> <span class='ocrx_word' id='word_1_119' title='bbox 1322 2194 1543 2268; x_wconf 85' lang='grc' dir='ltr'><strong><em>Μίνως</em></strong></span> <span class='ocrx_word' id='word_1_120' title='bbox 1582 2193 1815 2274; x_wconf 81' lang='grc' dir='ltr'><strong><em>τούμὸν</em></strong></span> <span class='ocrx_word' id='word_1_121' title='bbox 1858 2193 2080 2272; x_wconf 78' lang='grc' dir='ltr'><strong><em>ἔχοντα</em></strong></span> <span class='ocrx_word' id='word_1_122' title='bbox 2124 2193 2332 2278; x_wconf 84' lang='grc' dir='ltr'><strong><em>ῥάκος.</em></strong></span> 
     </span>
    </p>
   </div>
   <div class='ocr_carea' id='block_1_4' title="bbox 429 2311 2786 3320">
    <p class='ocr_par' dir='ltr' id='par_1_9' title="bbox 429 2311 2786 3320">
     <span class='ocr_line' id='line_1_19' title="bbox 605 2311 2785 2395; baseline 0.001 -19"><span class='ocrx_word' id='word_1_123' title='bbox 605 2311 1038 2395; x_wconf 86' lang='lat' dir='ltr'><strong>Naufragium</strong></span> <span class='ocrx_word' id='word_1_124' title='bbox 1079 2312 1241 2378; x_wconf 88' lang='lat' dir='ltr'><strong>fecit</strong></span> <span class='ocrx_word' id='word_1_125' title='bbox 1285 2313 1503 2379; x_wconf 90' lang='lat' dir='ltr'><strong>nescio</strong></span> <span class='ocrx_word' id='word_1_126' title='bbox 1549 2313 1694 2394; x_wconf 88' lang='lat' dir='ltr'><strong>quis</strong></span> <span class='ocrx_word' id='word_1_127' title='bbox 1744 2318 1812 2379; x_wconf 93' lang='lat' dir='ltr'><strong>et</strong></span> <span class='ocrx_word' id='word_1_128' title='bbox 1872 2333 2015 2379; x_wconf 91' lang='lat' dir='ltr'><strong>cum</strong></span> <span class='ocrx_word' id='word_1_129' title='bbox 2060 2313 2205 2380; x_wconf 91' lang='lat' dir='ltr'><strong>vita</strong></span> <span class='ocrx_word' id='word_1_130' title='bbox 2249 2314 2464 2380; x_wconf 85' lang='lat' dir='ltr'><strong>omnia</strong></span> <span class='ocrx_word' id='word_1_131' title='bbox 2509 2332 2635 2379; x_wconf 89' lang='lat' dir='ltr'><strong>uno</strong></span> <span class='ocrx_word' id='word_1_132' title='bbox 2682 2333 2785 2379; x_wconf 82' lang='lat' dir='ltr'><strong>ex-</strong></span> 
     </span>
     <span class='ocr_line' id='line_1_20' title="bbox 435 2414 2786 2498; baseline 0.001 -18"><span class='ocrx_word' id='word_1_133' title='bbox 435 2418 626 2495; x_wconf 90' lang='lat' dir='ltr'><strong>cepto</strong></span> <span class='ocrx_word' id='word_1_134' title='bbox 684 2414 1078 2481; x_wconf 88' lang='lat' dir='ltr'><strong>vestimento</strong></span> <span class='ocrx_word' id='word_1_135' title='bbox 1139 2415 1376 2481; x_wconf 90' lang='lat' dir='ltr'><strong>amisit.</strong></span> <span class='ocrx_word' id='word_1_136' title='bbox 1449 2416 1578 2482; x_wconf 86' lang='lat' dir='ltr'><strong>Sed</strong></span> <span class='ocrx_word' id='word_1_137' title='bbox 1637 2436 1720 2482; x_wconf 91' lang='lat' dir='ltr'><strong>ne</strong></span> <span class='ocrx_word' id='word_1_138' title='bbox 1780 2416 1848 2481; x_wconf 89' lang='lat' dir='ltr'><strong>id</strong></span> <span class='ocrx_word' id='word_1_139' title='bbox 1909 2417 2165 2497; x_wconf 87' lang='lat' dir='ltr'><strong>quidem</strong></span> <span class='ocrx_word' id='word_1_140' title='bbox 2224 2416 2441 2498; x_wconf 87' lang='lat' dir='ltr'><strong>potuit</strong></span> <span class='ocrx_word' id='word_1_141' title='bbox 2498 2417 2786 2483; x_wconf 90' lang='lat' dir='ltr'><strong>retinere</strong></span> 
     </span>
     <span class='ocr_line' id='line_1_21' title="bbox 433 2518 2786 2603; baseline 0.001 -20"><span class='ocrx_word' id='word_1_142' title='bbox 433 2521 743 2600; x_wconf 81' lang='lat' dir='ltr'><strong>mortuuS,</strong></span> <span class='ocrx_word' id='word_1_143' title='bbox 798 2537 941 2584; x_wconf 91' lang='lat' dir='ltr'><strong>cum</strong></span> <span class='ocrx_word' id='word_1_144' title='bbox 985 2538 1024 2584; x_wconf 85' lang='lat' dir='ltr'><strong>a</strong></span> <span class='ocrx_word' id='word_1_145' title='bbox 1069 2519 1328 2585; x_wconf 87' lang='lat' dir='ltr'><strong>latrone</strong></span> <span class='ocrx_word' id='word_1_146' title='bbox 1372 2518 1877 2586; x_wconf 89' lang='lat' dir='ltr'><strong>sceleratissimo</strong></span> <span class='ocrx_word' id='word_1_147' title='bbox 1923 2520 2291 2602; x_wconf 86' lang='lat' dir='ltr'><strong>eriperetur</strong></span> <span class='ocrx_word' id='word_1_148' title='bbox 2334 2519 2479 2603; x_wconf 87' lang='lat' dir='ltr'><strong>ipsi,</strong></span> <span class='ocrx_word' id='word_1_149' title='bbox 2525 2539 2650 2602; x_wconf 88' lang='lat' dir='ltr'><strong>quo</strong></span> <span class='ocrx_word' id='word_1_150' title='bbox 2695 2520 2786 2603; x_wconf 90' lang='lat' dir='ltr'><strong>fit,</strong></span> 
     </span>
     <span class='ocr_line' id='line_1_22' title="bbox 433 2621 2784 2707; baseline 0.001 -21"><span class='ocrx_word' id='word_1_151' title='bbox 433 2625 510 2686; x_wconf 89' lang='lat' dir='ltr'><strong>ut</strong></span> <span class='ocrx_word' id='word_1_152' title='bbox 569 2621 751 2687; x_wconf 91' lang='lat' dir='ltr'><strong>illum</strong></span> <span class='ocrx_word' id='word_1_153' title='bbox 799 2627 1177 2688; x_wconf 77' lang='lat' dir='ltr'><strong>exsecretur</strong></span> <span class='ocrx_word' id='word_1_154' title='bbox 1236 2630 1435 2704; x_wconf 89' lang='lat' dir='ltr'><strong>atque</strong></span> <span class='ocrx_word' id='word_1_155' title='bbox 1496 2629 1750 2707; x_wconf 85' lang='lat' dir='ltr'><strong>speret,</strong></span> <span class='ocrx_word' id='word_1_156' title='bbox 1806 2624 2088 2690; x_wconf 90' lang='lat' dir='ltr'><strong>Minoem</strong></span> <span class='ocrx_word' id='word_1_157' title='bbox 2135 2643 2176 2689; x_wconf 90' lang='lat' dir='ltr'><strong>a</strong></span> <span class='ocrx_word' id='word_1_158' title='bbox 2220 2627 2580 2706; x_wconf 84' lang='lat' dir='ltr'><strong>praedone,</strong></span> <span class='ocrx_word' id='word_1_159' title='bbox 2641 2643 2784 2689; x_wconf 91' lang='lat' dir='ltr'><strong>cum</strong></span> 
     </span>
     <span class='ocr_line' id='line_1_23' title="bbox 433 2725 2785 2809; baseline 0.001 -21"><span class='ocrx_word' id='word_1_160' title='bbox 433 2731 826 2791; x_wconf 88' lang='lat' dir='ltr'><strong>mortuorum</strong></span> <span class='ocrx_word' id='word_1_161' title='bbox 873 2731 1031 2791; x_wconf 90' lang='lat' dir='ltr'><strong>ante</strong></span> <span class='ocrx_word' id='word_1_162' title='bbox 1074 2725 1368 2792; x_wconf 90' lang='lat' dir='ltr'><strong>tribunal</strong></span> <span class='ocrx_word' id='word_1_163' title='bbox 1401 2745 1517 2807; x_wconf 90' lang='lat' dir='ltr'><strong>per</strong></span> <span class='ocrx_word' id='word_1_164' title='bbox 1528 2726 1797 2809; x_wconf 88' lang='lat' dir='ltr'><strong>venerit,</strong></span> <span class='ocrx_word' id='word_1_165' title='bbox 1843 2729 2017 2792; x_wconf 91' lang='lat' dir='ltr'><strong>unde</strong></span> <span class='ocrx_word' id='word_1_166' title='bbox 2045 2727 2291 2792; x_wconf 90' lang='lat' dir='ltr'><strong>habeat</strong></span> <span class='ocrx_word' id='word_1_167' title='bbox 2322 2726 2785 2793; x_wconf 90' lang='lat' dir='ltr'><strong>vestimentum</strong></span> 
     </span>
     <span class='ocr_line' id='line_1_24' title="bbox 433 2827 2783 2911; baseline 0 -18"><span class='ocrx_word' id='word_1_168' title='bbox 433 2827 844 2909; x_wconf 88' lang='lat' dir='ltr'><strong>cogniturum</strong></span> <span class='ocrx_word' id='word_1_169' title='bbox 904 2847 1045 2893; x_wconf 90' lang='lat' dir='ltr'><strong>esse</strong></span> <span class='ocrx_word' id='word_1_170' title='bbox 1106 2834 1172 2893; x_wconf 89' lang='lat' dir='ltr'><strong>et</strong></span> <span class='ocrx_word' id='word_1_171' title='bbox 1233 2834 1615 2910; x_wconf 88' lang='lat' dir='ltr'><strong>paraturum</strong></span> <span class='ocrx_word' id='word_1_172' title='bbox 1656 2848 1931 2911; x_wconf 89' lang='lat' dir='ltr'><strong>poenam</strong></span> <span class='ocrx_word' id='word_1_173' title='bbox 1990 2829 2468 2911; x_wconf 88' lang='lat' dir='ltr'><strong>gravissimam.</strong></span> <span class='ocrx_word' id='word_1_174' title='bbox 2570 2829 2783 2894; x_wconf 91' lang='lat' dir='ltr'><strong>Minos</strong></span> 
     </span>
     <span class='ocr_line' id='line_1_25' title="bbox 432 2929 2783 3014; baseline 0.001 -20"><span class='ocrx_word' id='word_1_175' title='bbox 432 2929 640 3012; x_wconf 87' lang='lat' dir='ltr'><strong>igitur</strong></span> <span class='ocrx_word' id='word_1_176' title='bbox 698 2930 897 2996; x_wconf 86' lang='lat' dir='ltr'><strong>iudex</strong></span> <span class='ocrx_word' id='word_1_177' title='bbox 957 2936 1060 2997; x_wconf 90' lang='lat' dir='ltr'><strong>est</strong></span> <span class='ocrx_word' id='word_1_178' title='bbox 1120 2934 1294 3012; x_wconf 89' lang='lat' dir='ltr'><strong>apud</strong></span> <span class='ocrx_word' id='word_1_179' title='bbox 1363 2931 1638 3014; x_wconf 80' lang='lat' dir='ltr'><strong>inferOS,</strong></span> <span class='ocrx_word' id='word_1_180' title='bbox 1713 2934 1829 2997; x_wconf 89' lang='lat' dir='ltr'><strong>sed</strong></span> <span class='ocrx_word' id='word_1_181' title='bbox 1886 2950 2157 3014; x_wconf 83' lang='lat' dir='ltr'><strong>caveaS,</strong></span> <span class='ocrx_word' id='word_1_182' title='bbox 2223 2950 2307 2996; x_wconf 93' lang='lat' dir='ltr'><strong>ne</strong></span> <span class='ocrx_word' id='word_1_183' title='bbox 2374 2933 2543 3012; x_wconf 88' lang='lat' dir='ltr'><strong>quod</strong></span> <span class='ocrx_word' id='word_1_184' title='bbox 2610 2932 2783 2997; x_wconf 90' lang='lat' dir='ltr'><strong>solus</strong></span> 
     </span>
     <span class='ocr_line' id='line_1_26' title="bbox 431 3034 2780 3116; baseline 0 -18"><span class='ocrx_word' id='word_1_185' title='bbox 431 3040 978 3116; x_wconf 81' lang='lat' dir='ltr'><strong>commemoratur,</strong></span> <span class='ocrx_word' id='word_1_186' title='bbox 1023 3053 1093 3099; x_wconf 91' lang='lat' dir='ltr'><strong>re</strong></span> <span class='ocrx_word' id='word_1_187' title='bbox 1138 3053 1296 3101; x_wconf 89' lang='lat' dir='ltr'><strong>vera</strong></span> <span class='ocrx_word' id='word_1_188' title='bbox 1326 3054 1471 3100; x_wconf 90' lang='lat' dir='ltr'><strong>eum</strong></span> <span class='ocrx_word' id='word_1_189' title='bbox 1504 3054 1702 3100; x_wconf 91' lang='lat' dir='ltr'><strong>unum</strong></span> <span class='ocrx_word' id='word_1_190' title='bbox 1734 3034 1908 3101; x_wconf 81' lang='lat' dir='ltr'><strong>ferre</strong></span> <span class='ocrx_word' id='word_1_191' title='bbox 1940 3035 2303 3100; x_wconf 90' lang='lat' dir='ltr'><strong>sententias</strong></span> <span class='ocrx_word' id='word_1_192' title='bbox 2334 3040 2544 3114; x_wconf 89' lang='lat' dir='ltr'><strong>putes.</strong></span> <span class='ocrx_word' id='word_1_193' title='bbox 2617 3034 2780 3099; x_wconf 91' lang='lat' dir='ltr'><strong>Nam</strong></span> 
     </span>
     <span class='ocr_line' id='line_1_27' title="bbox 431 3135 2781 3220; baseline 0 -20"><span class='ocrx_word' id='word_1_194' title='bbox 431 3135 757 3218; x_wconf 81' lang='lat' dir='ltr'><strong>facetiam,</strong></span> <span class='ocrx_word' id='word_1_195' title='bbox 796 3141 870 3201; x_wconf 90' lang='lat' dir='ltr'><strong>ut</strong></span> <span class='ocrx_word' id='word_1_196' title='bbox 900 3136 1061 3201; x_wconf 91' lang='lat' dir='ltr'><strong>mihi</strong></span> <span class='ocrx_word' id='word_1_197' title='bbox 1090 3136 1372 3220; x_wconf 89' lang='lat' dir='ltr'><strong>videtur,</strong></span> <span class='ocrx_word' id='word_1_198' title='bbox 1411 3137 1812 3220; x_wconf 87' lang='lat' dir='ltr'><strong>epigramma</strong></span> <span class='ocrx_word' id='word_1_199' title='bbox 1856 3137 2020 3203; x_wconf 91' lang='lat' dir='ltr'><strong>illud</strong></span> <span class='ocrx_word' id='word_1_200' title='bbox 2065 3136 2356 3220; x_wconf 87' lang='lat' dir='ltr'><strong>affectat,</strong></span> <span class='ocrx_word' id='word_1_201' title='bbox 2402 3135 2781 3218; x_wconf 87' lang='lat' dir='ltr'><strong>diligentem</strong></span> 
     </span>
     <span class='ocr_line' id='line_1_28' title="bbox 429 3238 1796 3320; baseline 0.004 -18"><span class='ocrx_word' id='word_1_202' title='bbox 429 3238 500 3303; x_wconf 90' lang='lat' dir='ltr'><strong>in</strong></span> <span class='ocrx_word' id='word_1_203' title='bbox 545 3238 823 3320; x_wconf 85' lang='lat' dir='ltr'><strong>singulis</strong></span> <span class='ocrx_word' id='word_1_204' title='bbox 869 3238 1368 3320; x_wconf 87' lang='lat' dir='ltr'><strong>descriptionem</strong></span> <span class='ocrx_word' id='word_1_205' title='bbox 1411 3259 1538 3305; x_wconf 92' lang='lat' dir='ltr'><strong>non</strong></span> <span class='ocrx_word' id='word_1_206' title='bbox 1585 3245 1796 3307; x_wconf 91' lang='lat' dir='ltr'><strong>curat.</strong></span> 
     </span>
    </p>
   </div>
   <div class='ocr_carea' id='block_1_5' title="bbox 1575 3444 1637 3508">
    <p class='ocr_par' dir='ltr' id='par_1_10' title="bbox 1575 3444 1637 3508">
     <span class='ocr_line' id='line_1_29' title="bbox 1575 3444 1637 3508; baseline 0 -57"><span class='ocrx_word' id='word_1_207' title='bbox 1575 3444 1637 3508; x_wconf 71' lang='lat' dir='ltr'><strong>V</strong></span> 
     </span>
    </p>
   </div>
   <div class='ocr_carea' id='block_1_6' title="bbox 427 3596 2781 4090">
    <p class='ocr_par' dir='ltr' id='par_1_11' title="bbox 427 3596 2781 4090">
     <span class='ocr_line' id='line_1_30' title="bbox 600 3596 2781 3679; baseline -0 -17"><span class='ocrx_word' id='word_1_208' title='bbox 600 3596 731 3662; x_wconf 88' lang='lat' dir='ltr'><strong>Sed</strong></span> <span class='ocrx_word' id='word_1_209' title='bbox 766 3596 897 3660; x_wconf 91' lang='lat' dir='ltr'><strong>iam</strong></span> <span class='ocrx_word' id='word_1_210' title='bbox 943 3598 1255 3676; x_wconf 89' lang='lat' dir='ltr'><strong>quomodo</strong></span> <span class='ocrx_word' id='word_1_211' title='bbox 1299 3602 1447 3678; x_wconf 88' lang='lat' dir='ltr'><strong>post</strong></span> <span class='ocrx_word' id='word_1_212' title='bbox 1484 3597 1830 3663; x_wconf 84' lang='lat' dir='ltr'><strong>Platonem</strong></span> <span class='ocrx_word' id='word_1_213' title='bbox 1875 3597 2031 3663; x_wconf 91' lang='lat' dir='ltr'><strong>illae</strong></span> <span class='ocrx_word' id='word_1_214' title='bbox 2076 3596 2410 3679; x_wconf 87' lang='lat' dir='ltr'><strong>opiniones</strong></span> <span class='ocrx_word' id='word_1_215' title='bbox 2442 3596 2781 3679; x_wconf 88' lang='lat' dir='ltr'><strong>viguerint</strong></span> 
     </span>
     <span class='ocr_line' id='line_1_31' title="bbox 428 3698 2778 3782; baseline -0 -17"><span class='ocrx_word' id='word_1_216' title='bbox 428 3698 902 3781; x_wconf 88' lang='lat' dir='ltr'><strong>investigemus</strong></span> <span class='ocrx_word' id='word_1_217' title='bbox 951 3717 1185 3779; x_wconf 89' lang='lat' dir='ltr'><strong>eosque</strong></span> <span class='ocrx_word' id='word_1_218' title='bbox 1230 3698 1507 3779; x_wconf 90' lang='lat' dir='ltr'><strong>primum</strong></span> <span class='ocrx_word' id='word_1_219' title='bbox 1553 3704 1911 3766; x_wconf 87' lang='lat' dir='ltr'><strong>tractemus</strong></span> <span class='ocrx_word' id='word_1_220' title='bbox 1958 3705 2277 3782; x_wconf 89' lang='lat' dir='ltr'><strong>auctores,</strong></span> <span class='ocrx_word' id='word_1_221' title='bbox 2338 3699 2449 3780; x_wconf 88' lang='lat' dir='ltr'><strong>qui</strong></span> <span class='ocrx_word' id='word_1_222' title='bbox 2507 3701 2778 3764; x_wconf 88' lang='lat' dir='ltr'><strong>eandem</strong></span> 
     </span>
     <span class='ocr_line' id='line_1_32' title="bbox 427 3800 2780 3886; baseline 0 -21"><span class='ocrx_word' id='word_1_223' title='bbox 427 3801 614 3867; x_wconf 89' lang='lat' dir='ltr'><strong>nobis</strong></span> <span class='ocrx_word' id='word_1_224' title='bbox 659 3800 798 3866; x_wconf 87' lang='lat' dir='ltr'><strong>fere</strong></span> <span class='ocrx_word' id='word_1_225' title='bbox 845 3802 1163 3881; x_wconf 88' lang='lat' dir='ltr'><strong>praebent</strong></span> <span class='ocrx_word' id='word_1_226' title='bbox 1206 3801 1588 3885; x_wconf 85' lang='lat' dir='ltr'><strong>imaginem3</strong></span> <span class='ocrx_word' id='word_1_227' title='bbox 1637 3821 1788 3868; x_wconf 89' lang='lat' dir='ltr'><strong>nam</strong></span> <span class='ocrx_word' id='word_1_228' title='bbox 1820 3821 1855 3868; x_wconf 92' lang='lat' dir='ltr'><strong>e</strong></span> <span class='ocrx_word' id='word_1_229' title='bbox 1883 3803 2177 3886; x_wconf 91' lang='lat' dir='ltr'><strong>Platone,</strong></span> <span class='ocrx_word' id='word_1_230' title='bbox 2222 3802 2335 3882; x_wconf 88' lang='lat' dir='ltr'><strong>qui</strong></span> <span class='ocrx_word' id='word_1_231' title='bbox 2365 3801 2612 3884; x_wconf 91' lang='lat' dir='ltr'><strong>primus</strong></span> <span class='ocrx_word' id='word_1_232' title='bbox 2643 3806 2780 3867; x_wconf 91' lang='lat' dir='ltr'><strong>tam</strong></span> 
     </span>
     <span class='ocr_line' id='line_1_33' title="bbox 428 3902 2777 3987; baseline 0.002 -19"><span class='ocrx_word' id='word_1_233' title='bbox 428 3903 624 3985; x_wconf 91' lang='lat' dir='ltr'><strong>plane</strong></span> <span class='ocrx_word' id='word_1_234' title='bbox 692 3902 964 3968; x_wconf 82' lang='lat' dir='ltr'><strong>Graecis</strong></span> <span class='ocrx_word' id='word_1_235' title='bbox 1026 3904 1371 3985; x_wconf 86' lang='lat' dir='ltr'><strong>descripsit</strong></span> <span class='ocrx_word' id='word_1_236' title='bbox 1429 3904 1732 3970; x_wconf 90' lang='lat' dir='ltr'><strong>ultimum</strong></span> <span class='ocrx_word' id='word_1_237' title='bbox 1791 3904 2119 3987; x_wconf 90' lang='lat' dir='ltr'><strong>iudicium,</strong></span> <span class='ocrx_word' id='word_1_238' title='bbox 2185 3904 2582 3986; x_wconf 91' lang='lat' dir='ltr'><strong>posteriores</strong></span> <span class='ocrx_word' id='word_1_239' title='bbox 2641 3904 2777 3972; x_wconf 82' lang='lat' dir='ltr'><strong>fere</strong></span> 
     </span>
     <span class='ocr_line' id='line_1_34' title="bbox 428 4006 2777 4090; baseline 0 -19"><span class='ocrx_word' id='word_1_240' title='bbox 428 4025 647 4072; x_wconf 88' lang='lat' dir='ltr'><strong>omnes</strong></span> <span class='ocrx_word' id='word_1_241' title='bbox 693 4006 1000 4089; x_wconf 90' lang='lat' dir='ltr'><strong>pendent,</strong></span> <span class='ocrx_word' id='word_1_242' title='bbox 1044 4006 1144 4071; x_wconf 91' lang='lat' dir='ltr'><strong>ita</strong></span> <span class='ocrx_word' id='word_1_243' title='bbox 1188 4011 1425 4090; x_wconf 86' lang='lat' dir='ltr'><strong>tamen,</strong></span> <span class='ocrx_word' id='word_1_244' title='bbox 1470 4011 1545 4072; x_wconf 88' lang='lat' dir='ltr'><strong>ut</strong></span> <span class='ocrx_word' id='word_1_245' title='bbox 1590 4007 1852 4090; x_wconf 87' lang='lat' dir='ltr'><strong>singula</strong></span> <span class='ocrx_word' id='word_1_246' title='bbox 1888 4012 2006 4073; x_wconf 87' lang='lat' dir='ltr'><strong>aut</strong></span> <span class='ocrx_word' id='word_1_247' title='bbox 2036 4006 2376 4072; x_wconf 88' lang='lat' dir='ltr'><strong>omiserint</strong></span> <span class='ocrx_word' id='word_1_248' title='bbox 2406 4012 2525 4072; x_wconf 86' lang='lat' dir='ltr'><strong>aut</strong></span> <span class='ocrx_word' id='word_1_249' title='bbox 2554 4008 2633 4072; x_wconf 89' lang='lat' dir='ltr'><strong>de</strong></span> <span class='ocrx_word' id='word_1_250' title='bbox 2662 4024 2777 4072; x_wconf 88' lang='lat' dir='ltr'><strong>suo</strong></span> 
     </span>
    </p>
   </div>
   <div class='ocr_carea' id='block_1_7' title="bbox 426 4130 834 4138">
    <p class='ocr_par' dir='ltr' id='par_1_12' title="bbox 426 4130 834 4138">
     <span class='ocr_line' id='line_1_35' title="bbox 426 4130 834 4138; baseline 0 980"><span class='ocrx_word' id='word_1_251' title='bbox 426 4130 834 4138; x_wconf 95' lang='lat' dir='ltr'><strong> </strong></span> 
     </span>
    </p>
   </div>
   <div class='ocr_carea' id='block_1_8' title="bbox 425 4176 2777 4415">
    <p class='ocr_par' dir='ltr' id='par_1_13' title="bbox 425 4176 2777 4415">
     <span class='ocr_line' id='line_1_36' title="bbox 601 4176 2777 4245; baseline -0.001 -14"><span class='ocrx_word' id='word_1_252' title='bbox 601 4177 640 4241; x_wconf 85' lang='grc'><strong>1)</strong></span> <span class='ocrx_word' id='word_1_253' title='bbox 679 4176 1016 4245; x_wconf 80' lang='lat' dir='ltr'><strong>Quamquam</strong></span> <span class='ocrx_word' id='word_1_254' title='bbox 1050 4178 1193 4231; x_wconf 88' lang='lat' dir='ltr'><strong>hunc</strong></span> <span class='ocrx_word' id='word_1_255' title='bbox 1230 4188 1502 4232; x_wconf 88' lang='lat' dir='ltr'><strong>auctorem</strong></span> <span class='ocrx_word' id='word_1_256' title='bbox 1539 4178 1811 4232; x_wconf 88' lang='lat' dir='ltr'><strong>imbutum</strong></span> <span class='ocrx_word' id='word_1_257' title='bbox 1848 4177 2019 4232; x_wconf 81' lang='lat' dir='ltr'><strong>fuisse</strong></span> <span class='ocrx_word' id='word_1_258' title='bbox 2055 4177 2221 4230; x_wconf 82' lang='lat' dir='ltr'><strong>etiam</strong></span> <span class='ocrx_word' id='word_1_259' title='bbox 2258 4176 2610 4244; x_wconf 89' lang='lat' dir='ltr'><strong>Orphicorum</strong></span> <span class='ocrx_word' id='word_1_260' title='bbox 2658 4176 2777 4229; x_wconf 89' lang='lat' dir='ltr'><strong>doc·</strong></span> 
     </span>
     <span class='ocr_line' id='line_1_37' title="bbox 426 4260 2777 4331; baseline 0 -17"><span class='ocrx_word' id='word_1_261' title='bbox 426 4261 588 4315; x_wconf 85' lang='lat' dir='ltr'><strong>trinis</strong></span> <span class='ocrx_word' id='word_1_262' title='bbox 624 4262 981 4316; x_wconf 83' lang='lat' dir='ltr'><strong>ostenderunt</strong></span> <span class='ocrx_word' id='word_1_263' title='bbox 1015 4262 1394 4318; x_wconf 88' lang='lat' dir='ltr'><strong>Dieterich</strong></span> <span class='ocrx_word' id='word_1_264' title='bbox 1429 4279 1480 4331; x_wconf 88' lang='lat' dir='ltr'><strong>p.</strong></span> <span class='ocrx_word' id='word_1_265' title='bbox 1508 4263 1605 4316; x_wconf 82' lang='lat'><strong>121</strong></span> <span class='ocrx_word' id='word_1_266' title='bbox 1645 4269 1702 4317; x_wconf 91' lang='lat' dir='ltr'><strong>et</strong></span> <span class='ocrx_word' id='word_1_267' title='bbox 1736 4262 1796 4317; x_wconf 94' lang='grc' dir='ltr'><strong>Ο.</strong></span> <span class='ocrx_word' id='word_1_268' title='bbox 1834 4261 2189 4330; x_wconf 89' lang='lat' dir='ltr'><strong>Immisch,</strong></span> <span class='ocrx_word' id='word_1_269' title='bbox 2226 4261 2422 4315; x_wconf 88' lang='lat' dir='ltr'><strong>Philol.</strong></span> <span class='ocrx_word' id='word_1_270' title='bbox 2459 4260 2683 4315; x_wconf 86' lang='lat' dir='ltr'><strong>Studien</strong></span> <span class='ocrx_word' id='word_1_271' title='bbox 2706 4276 2777 4314; x_wconf 87' lang='lat' dir='ltr'><strong>zu</strong></span> 
     </span>
     <span class='ocr_line' id='line_1_38' title="bbox 425 4346 1062 4415; baseline 0.003 -17"><span class='ocrx_word' id='word_1_272' title='bbox 425 4346 601 4413; x_wconf 69' lang='lat' dir='ltr'><strong>Plau),</strong></span> <span class='ocrx_word' id='word_1_273' title='bbox 635 4348 791 4401; x_wconf 82' lang='lat' dir='ltr'><strong>Fasc.</strong></span> <span class='ocrx_word' id='word_1_274' title='bbox 828 4347 858 4401; x_wconf 94' lang='lat' dir='ltr'>I</span> <span class='ocrx_word' id='word_1_275' title='bbox 892 4364 942 4415; x_wconf 76' lang='lat' dir='ltr'><strong>p.</strong></span> <span class='ocrx_word' id='word_1_276' title='bbox 981 4347 1062 4400; x_wconf 89' lang='grc'><strong>61.</strong></span> 
     </span>
    </p>
   </div>
  </div>
 </body>
</html>
