3475 5118
475 347 583 434 39]
1047 318 1053 325 ⁸
1301 350 1383 405 De
1418 354 1751 406 mortuorum
1785 351 1986 407 iudicio
2746 359 2827 426 71

475 528 588 582 τοῦ
628 521 775 602 βίου
807 523 873 584 et
919 521 1197 586 adnotat
1241 545 1255 585 ε
1303 521 1476 603 „Das
1521 525 1693 587 setzt
1739 524 1865 588 den
1894 523 2259 591 Gedanken
2304 525 2482 592 eines
2529 546 2659 595 von
2706 531 2833 595 den

476 622 1159 704 Unterweltsgottern
1203 623 1685 706 abgehaltenen
1731 626 2233 708 Totengeriohts
2262 647 2499 696 vorans
2510 631 2563 713 “‚
2608 632 2832 699 verbis

475 727 657 788 θεῶν
699 720 870 802 εἰκός
914 719 1049 789 ἐστι
1089 735 1297 804 τυχεῖν
1323 724 1511 789 ἵλεων
1540 728 1753 811 nixus,
1798 729 1857 794 si
1886 735 2066 795 recte
2095 731 2426 815 intellego,
2512 733 2642 799 Sed
2670 734 2834 801 haee

478 829 579 894 ita
620 828 1034 910 accipiantur
1062 847 1328 895 necesse
1371 849 1502 896 non
1532 834 1652 913 est,
1697 850 1849 898 nam
1878 833 1949 897 in
1979 833 2353 901 universum
2384 836 2583 902 etiam
2617 837 2834 919 potuit

478 931 608 998 dici
667 934 748 997 de
801 935 978 998 sorte
1041 933 1215 1013 apud
1259 930 1504 999 inferos
1548 933 1874 1000 hominem
1920 936 2269 1003 scelestum
2331 941 2830 1026 exspectante.1)

477 1035 737 1100 Aeacus
780 1034 994 1100 Minos
1024 1034 1590 1119 RhadamanthuS,
1635 1041 1712 1103 ut
1742 1038 1863 1103 hoo
1893 1039 2146 1122 addam,
2194 1059 2233 1104 a
2263 1041 2324 1105 D
2342 1059 2456 1106 em
2478 1060 2561 1107 os
2579 1042 2832 1109 thene

479 1138 587 1222 (de
645 1157 772 1204 eor.
824 1136 862 1223 ξ
927 1139 1081 1220 127)
1129 1142 1198 1203 et
1255 1139 1403 1205 Iso
1429 1144 1690 1206 crate
1735 1139 2038 1224 (Panath.
2082 1141 2233 1228 205)
2279 1161 2405 1209 uno
2450 1148 2678 1210 tenore
2720 1160 2831 1211 no-

480 1240 830 1324 minantur,
889 1243 1006 1306 sed
1064 1245 1333 1323 propter
1374 1242 1445 1307 id
1503 1246 1765 1309 tantum
1780 1293 1797 1327 ,
1856 1246 2029 1325 quod
2086 1245 2431 1311 iustissimi
2490 1251 2560 1312 et
2615 1248 2834 1330 legum

479 1343 858 1425 peritissimi
898 1344 1315 1411 habebantur
1357 1344 1606 1411 heroes,

649 1514 839 1580 Nunc
882 1514 967 1579 ad
1009 1531 1117 1580 eos
1165 1514 1278 1595 qui
1317 1512 1450 1579 iam
1492 1514 1734 1596 reliqui
1780 1521 1936 1581 sunt
1980 1521 2391 1584 transeamus
2436 1524 2735 1585 auctores
2766 1524 2836 1586 et

480 1636 672 1698 quam
715 1616 1100 1684 brevissime
1142 1617 1519 1700 poterimus,
1562 1636 1724 1699 quas
1758 1620 1840 1684 de
1865 1617 2125 1686 inferno
2155 1620 2395 1687 iudicio
2432 1622 2835 1688 retinuerint

479 1719 829 1804 opinioneS,
872 1720 1355 1800 perlustremus

649 1821 1006 1888 Diodori
1048 1822 1249 1889 bibl.
1295 1823 1372 1905 V,
1417 1824 1501 1889 79
1531 1822 1654 1906 (ed.
1686 1824 1950 1915 Vogel):
1995 1822 2434 1906 Ῥαδάμανθυν
2479 1824 2549 1890 δὲ
2578 1825 2836 1910 λέγουσι

478 1895 594 2000 τάς
613 1946 682 1988 τε
704 1927 946 2010 κρίσεις
972 1926 1229 1988 πάντων
1260 1924 1666 2002 δικαιοτάτας
1692 1928 2199 2011 πεποιῆσθαι..
2232 1926 2388 1993 ,διὰ
2419 1926 2488 1992 δὲ
2509 1927 2676 2013 τὴνε
2642 1950 2833 2015 υπερ-

479 2027 671 2113 βολὴν
711 2035 821 2113 τῆς
851 2027 1005 2114 περὶ
1051 2026 1243 2092 αὐτὸν
1280 2026 1683 2115 δικαιοσύνης
1710 2029 2290 2115 μεμυθολογῆσθαι
2321 2029 2619 2117 δικαστὴν
2647 2030 2835 2096 αὐτὸν

480 2129 955 2210 ἀποδεδεῖχθαι
1003 2129 1161 2193 καθ’
1204 2129 1365 2214 ᾅδου
1424 2132 1534 2195 καὶ
1589 2130 1930 2218 διακρίνειν
1985 2132 2134 2207 τοὺς
2192 2132 2471 2216 εὐσεβεῖς
2528 2134 2639 2197 καὶ
2684 2134 2835 2210 τοὺς

478 2235 831 2320 πονηρούς·
895 2236 1216 2312 τετυχέναι
1282 2231 1351 2299 δὲ
1415 2242 1523 2319 τῆς
1588 2233 1779 2315 αὐτῆς
1828 2242 2011 2319 τιμῆς
2067 2235 2175 2299 καὶ
2231 2234 2340 2300 τὸν
2381 2238 2585 2314 Μίνω,
2644 2240 2835 2321 βεβα-

482 2335 813 2401 σιλευκότα
857 2339 1271 2418 νομιμώτατα
1311 2336 1423 2400 καὶ
1464 2336 1744 2420 μάλιστα
1790 2334 2193 2424 δικαιοσύνης
2233 2339 2733 2424 πεφροντικότα.

654 2439 1036 2522 Apollodori
1079 2440 1278 2506 bibl.
1309 2440 1434 2523 III,
1456 2442 1497 2505 6
1521 2439 1645 2524 (ed.
1675 2442 1754 2506 R.
1778 2440 2132 2525 Wagner):
2177 2439 2622 2523 Ῥαδάμανθυς
2651 2440 2759 2511 δὲ.
2783 2495 2797 2508 .
2821 2494 2836 2509 .

481 2539 549 2607 ἐν
581 2539 792 2610 Ἅιδου
832 2541 995 2625 μετὰ
1038 2544 1299 2619 Μίνωος
1343 2541 1607 2623 δικάζει.

656 2663 1192 2730 Philostrati
1235 2665 1564 2730 Heroio.
1595 2666 1749 2747 XX,
1793 2667 1908 2731 48:
1954 2716 1968 2731 .
2000 2717 2015 2732 .
2053 2662 2191 2728 ἀλλ’
2222 2663 2367 2729 ἐπεὶ
2394 2676 2520 2728 τῶν
2545 2664 2839 2751 ἡρωικῶν

480 2763 647 2847 ἡμᾶς
683 2764 890 2848 λόγων
933 2763 1368 2851 ἐμπέπληκας,
1428 2764 1501 2829 τὸ
1544 2766 1660 2847 μὲν
1703 2765 1886 2843 ὅπως
1929 2766 2357 2850 ἀναβεβίωκεν
2413 2766 2474 2852 (ὅ
2517 2773 2837 2853 Πρωτεσί-

483 2868 669 2955 λεως)
715 2867 914 2931 οὐκέτ’
963 2867 1040 2931 ἂν
1083 2865 1357 2953 ἐροίμην,
1411 2862 1632 2953 ἐπειδὴ
1700 2867 1995 2953 ἀβεβήλῳ
2041 2891 2109 2932 τε
2152 2869 2260 2931 καὶ
2325 2866 2665 2956 ἀπορρήτῳ
2710 2870 2839 2955 φῂς

487 2960 671 3034 αὐτὸν
712 2973 996 3057 χρῆσθαι
1038 2971 1241 3056 τούτῳ
1292 2980 1382 3055 τῷ
1438 2969 1628 3056 λόγῳ,
1671 2972 1822 3047 τοὺς
1867 2969 1936 3036 δὲ
1964 2972 2303 3047 Κωκυτοὺς
2333 3023 2347 3039 .
2379 3023 2392 3037 .
2421 2972 2530 3036 καὶ
2573 3025 2588 3037 .
2634 3024 2649 3038 .
2690 2973 2839 3048 τοὺς

483 3073 772 3151 Αἷακοὺς
799 3073 911 3137 καὶ
938 3073 1018 3137 τὰ
1040 3076 1278 3138 τούτων
1300 3072 1670 3160 δικαστήριά
1696 3098 1766 3138 τε
1788 3075 1897 3138 καὶ
1920 3073 2335 3162 δικαιωτήρια
2359 3127 2373 3142 .
2398 3127 2413 3142 .
2436 3073 2838 3159 ἀπαγγελεῖς.

654 3178 1057 3243 Eiusdem
1101 3177 1261 3244 Vita
1304 3178 1576 3259 Apoll.
1623 3179 1873 3262 Tyan.
1918 3179 2043 3262 III,
2088 3180 2202 3245 25:

659 3278 721 3344 οἶ
777 3278 1046 3366 ποιηταὶ
1100 3332 1114 3346 .
1159 3331 1175 3347 .
1221 3332 1234 3347 .
1278 3277 1387 3342 τὸν
1445 3282 1631 3343 Μίνω
1678 3332 1692 3347 .
1737 3333 1753 3347 .
1802 3277 1867 3345 ἐν
1902 3275 2109 3345 Ἅιδου
2175 3280 2520 3361 καθίζουσι
2588 3280 2841 3345 διαιτᾶν

481 3392 626 3458 ταῖς
667 3392 936 3467 ψυχαῖς.

656 3486 1124 3569 Ibidem·VIII,
1156 3488 1212 3569 7,
1243 3487 1358 3553 55:
1401 3485 1561 3561 Ζεὺς
1591 3538 1605 3552 .
1637 3537 1651 3552 .
1683 3537 1697 3552 .
1726 3488 1911 3549 Μίνω
1942 3539 1956 3553 .
1986 3538 2001 3553 .
2032 3484 2454 3550 ἀποθανόντα
2477 3496 2693 3571 χρυσῷ
2724 3485 2843 3567 μὲν

487 3589 789 3675 σκήπτρῳ
835 3585 1089 3673 ἐτίμησε
1139 3588 1248 3652 καὶ
1290 3586 1571 3667 δικάζειν
1615 3585 1835 3667 ἔταξεν
1879 3588 1944 3653 ἐν
1984 3600 2059 3673 τῇ
2101 3599 2215 3651 τοῦ
2244 3586 2591 3664 Ἀϊδωνέως
2635 3587 2840 3674 ἀγορᾷ

488 3690 686 3775 (quod
732 3710 814 3757 ex
855 3692 1140 3757 Homero
1185 3692 1574 3776 transtulit).

662 3793 791 3877 Qui
811 3795 934 3860 loci
954 3794 1268 3863 videlieet
1295 3813 1422 3861 non
1446 3794 1772 3876 praebent
1790 3812 1991 3862 novos
2020 3792 2252 3877 fonteS,
2276 3796 2394 3859 sed
2415 3798 2606 3859 notas
2626 3794 2839 3859 adhue

488 3897 899 3963 narrationes
924 3897 1164 3962 iterum
1207 3896 1567 3979 proferunt.
1641 3897 1860 3979 Atque
1901 3898 2209 3963 observes
2252 3915 2507 3981 quaeso,
2551 3897 2840 3963 Aeacum

488 4017 530 4064 a
574 3998 978 4065 Philostrato
1022 3998 1093 4064 in
1134 4000 1417 4066 Heroieo
1460 4018 1492 4065 s
1509 4019 1544 4065 e
1560 4019 1622 4064 m
1639 4000 1716 4065 el
1761 3999 2083 4080 appellari
2126 3997 2481 4065 inferorum
2531 3996 2841 4080 iudicem3

490 4103 664 4181 quod
705 4103 1091 4168 monendum
1135 4105 1252 4185 est,
1298 4102 1454 4183 quia
1494 4102 1565 4167 in
1602 4102 1765 4168 Vita
1793 4100 2006 4182 Apoll.
2052 4102 2255 4183 Tyan.
2301 4102 2449 4186 VH,
2478 4101 2579 4184 31,
2623 4101 2664 4166 3
2710 4099 2840 4165 alio

491 4208 764 4270 ornatus
810 4208 913 4269 est
955 4222 1237 4288 munere,
1285 4206 1366 4270 de
1410 4223 1534 4286 quo
1581 4218 1772 4286 agam
1816 4202 1994 4269 infra
2035 4223 2096 4285 p.
2141 4204 2225 4268 93
2251 4222 2387 4283 sqq.

664 4340 705 4409 1)
741 4340 881 4395 vide
916 4340 1307 4397 Dietericfflum
1348 4341 1384 4396 1.
1422 4358 1464 4395 s.
1499 4358 1551 4409 P·
1590 4342 1818 4409 137⁸‹1q-
