3475 5118
715 347 799 411 96
1775 344 1837 397 L.
1875 344 2024 398 Eum
2960 343 3071 431 [64

713 519 874 585 Lex,
905 519 1114 601 Myth.
1145 519 1216 583 II
1260 537 1320 598 p.
1357 517 1556 583 3001:
1601 536 1749 582 nam
1799 536 1880 582 ex
1922 516 2061 598 ipso
2108 517 2403 600 Vergilio
2448 518 2568 583 hoc
2612 518 2712 583 ita
2760 538 2904 585 esse
2947 540 3075 586 non

714 625 925 703 patet.
1015 622 1213 707 Apud
1270 625 1563 701 posteros
1620 638 1779 686 vero
1838 620 2387 685 Rhadamanthus
2449 620 2674 686 durior
2737 626 2835 687 est
2882 641 3073 703 quam

714 723 960 789 Minos:
1005 724 1208 788 habet
1251 722 1422 788 enim
1468 722 1928 788 durissima
1971 741 2197 805 regna,
2241 723 2400 803 quin
2440 723 2643 788 etiam
2675 728 2812 789 tam
2845 742 3077 791 severe

716 825 1134 908 castigat,
1187 830 1265 890 ut
1311 828 1487 907 apud
1515 826 1802 892 Statium
1847 826 2076 910 (Theb.
2122 825 2305 908 VHI,
2349 825 2561 910 27s28)
2607 826 2822 892 Minos
2867 827 3076 893 lenire

716 933 991 995 conetur
1034 928 1270 994 fratris
1306 947 1583 1010 poenas3
1630 930 1806 1009 apud
1840 928 2272 994 Claudianum
2304 929 2581 1010 denique
2624 929 2834 994 mittit
2862 931 3074 996 Minos

718 1051 844 1115 eos,
889 1033 1001 1112 qui
1044 1032 1275 1097 nolunt
1317 1031 1518 1096 fateri
1563 1034 1648 1096 ad
1690 1033 1974 1098 verbera
2018 1031 2295 1113 rigidi
2338 1031 2569 1097 fratris
2616 1032 2718 1117 (V,
2764 1032 2932 1117 479).

1825 1302 1955 1367 VII

889 1459 1145 1541 Restat,
1190 1465 1265 1524 ut
1310 1460 1387 1524 de
1434 1460 1683 1523 duabus
1728 1457 2127 1540 imaginibus
2157 1457 2407 1540 loquar,
2453 1477 2615 1537 quas
2646 1463 2915 1539 propter
2958 1478 3074 1524 na-

718 1567 933 1627 turam
979 1561 1395 1645 singularem,
1434 1581 1577 1626 cum
1609 1561 1847 1626 seriem
1893 1566 2011 1626 aut
2043 1560 2438 1626 Graecorum
2483 1566 2597 1625 aut
2642 1561 3076 1626 Romanorum

718 1669 1096 1746 tractarem,
1140 1683 1268 1729 non
1313 1663 1722 1731 enumeravi:
1753 1662 1988 1728 Vibiae
2021 1664 2163 1728 dico
2210 1663 2563 1745 imaginem
2584 1663 2636 1747 1)
2682 1668 2751 1728 et
2791 1662 3075 1745 effigiem

720 1787 916 1834 arcae
975 1767 1373 1832 mortuariae
1427 1766 1736 1848 magistri
1781 1766 2121 1831 cuiusdam
2167 1765 2559 1830 Rhodiensis
2603 1765 3075 1848 insculptam.²)

717 1872 797 1936 In
848 1870 1065 1951 priore
1111 1869 1281 1934 enim
1334 1868 1596 1949 pictura
1640 1868 1855 1950 Vibia,
1899 1869 2236 1934 Vincentii
2294 1887 2476 1951 uxor,
2535 1887 2575 1932 a
2619 1867 2947 1933 Mercurio
3008 1874 3077 1932 et

717 1973 1056 2039 Alcestide
1123 1977 1281 2037 ante
1341 1971 1515 2036 Ditis
1576 1972 1796 2036 Patris
1858 1977 1925 2036 et
1985 1973 2360 2036 Aeracurae
2426 1970 2686 2035 ducitur
2751 1971 3077 2050 thronum,

719 2082 794 2143 ut
852 2080 1093 2142 sortem
1151 2075 1440 2157 accipiat
1515 2093 1711 2155 quam
1772 2079 1873 2139 est
1931 2073 2188 2139 merita.
2298 2075 2393 2138 At
2464 2072 2714 2138 iudices
2787 2071 3076 2137 Maassio

723 2179 984 2262 quidem
1043 2183 1312 2245 auctore
1369 2196 1498 2242 non
1558 2183 1712 2242 sunt
1772 2177 1967 2242 Pluto
2027 2177 2164 2257 ipse
2219 2180 2288 2241 et
2346 2176 2580 2258 regina
2632 2174 2895 2241 inferna
2960 2177 3077 2240 sed

720 2283 898 2348 Fata
942 2282 1075 2347 tria
1122 2280 1364 2357 divina,
1423 2299 1592 2361 quae
1651 2281 1735 2346 ab
1783 2280 1999 2345 altera
2044 2279 2349 2361 imaginis
2407 2283 2602 2360 parte
2654 2281 2740 2344 ad
2783 2277 3079 2344 tribunal

721 2384 1202 2468 aggrediuntur
1279 2388 1345 2448 et
1404 2383 1799 2448 Graecorum
1866 2383 2227 2447 Parcarum
2293 2382 2432 2448 1060
2499 2387 2617 2448 aut
2686 2388 2907 2459 Τυχὼν
2969 2380 3080 2445 1116

723 2488 980 2569 quidem
1037 2491 1192 2551 sunt
1251 2486 1582 2551 collocata.
1605 2484 1654 2571 3)
1745 2484 1934 2568 Quod
1975 2504 2202 2552 verum
2261 2503 2404 2550 esse
2455 2485 2607 2551 inde
2652 2483 3080 2566 intellegitur,

722 2593 892 2671 quod
951 2590 1021 2655 in
1067 2590 1197 2655 alio
1242 2588 1540 2671 picturae
1585 2590 1741 2671 1060,
1800 2587 1915 2654 ubi
1972 2588 2153 2654 beati
2214 2589 2459 2670 depicti
2517 2593 2673 2654 sunt
2735 2607 2866 2653 una
2933 2605 3081 2652 cum

723 2693 923 2759 Vibia
1002 2697 1500 2775 conversantes,
1562 2693 1770 2758 verba
1835 2692 2175 2774 leguntur:
2254 2692 2665 2757 Bonorum
2746 2689 3081 2756 iudicio

720 2798 803 2863 iu
822 2797 1113 2862 dicati.
1187 2797 1400 2862 Bonos
1445 2800 1665 2862 autem
1708 2814 1932 2861 manes
1971 2800 2089 2861 aut
2117 2795 2337 2860 Fata
2383 2813 2525 2861 esse
2564 2793 3080 2860 testimoniorum

724 2900 912 2981 copia
957 2899 1168 2965 allata
1212 2898 1657 2980 comprobavit
1701 2898 2031 2963 Maassius
2077 2899 2118 2963 1.
2163 2916 2210 2963 s.
2298 2898 2552 2965 Novum
2612 2897 2823 2980 igitur
2873 2914 3081 2979 genus

725 3003 910 3069 nobis
956 3001 1240 3068 occurrit
1283 3000 1582 3083 iudicum,
1626 3020 2016 3082 quamquam
2059 3020 2100 3065 a
2142 3001 2368 3081 paucis
2404 3000 2671 3067 videtur
2714 3002 3083 3079 receptum3

724 3124 935 3185 neque
993 3105 1144 3187 scio,
1203 3123 1289 3169 an
1333 3104 1462 3168 iam
1511 3106 1683 3185 apud
1729 3103 2018 3169 Statium
2064 3105 2334 3169 eandem
2374 3102 2740 3184 opinionem
2785 3105 3082 3166 statuere

726 3226 1047 3291 cogamur.
1134 3206 1241 3271 Ibi
1285 3205 1457 3272 enim
1500 3206 1778 3288 legimus
1824 3207 2056 3291 (Theb.
2104 3206 2288 3288 VIII,
2329 3206 2411 3271 26
2451 3207 2641 3286 sqq.):

896 3327 1186 3411 Fata4)
1210 3330 1510 3391 serunt
1539 3325 1864 3392 animas
1896 3330 1975 3391 et
2002 3326 2276 3391 eodem
2301 3325 2621 3407 pollice
2647 3327 3083 3405 damnant,

726 3431 960 3512 quibus
1017 3430 1242 3496 verbis
1287 3434 1566 3511 apparet
1627 3448 1737 3495 eas
1797 3427 1892 3494 ibi
1938 3447 2190 3509 quoque
2249 3427 2537 3495 valuisse
2597 3429 2682 3493 ad
2744 3426 3084 3492 ferendam

724 3532 1135 3600 sententiam.

870 3739 874 3746 ·
903 3720 942 3789 ¹)
978 3720 1117 3775 Vide
1151 3722 1445 3775 Ernestum
1480 3720 1672 3788 Maass‚
1708 3720 1747 3773 1.
1784 3736 1825 3773 s.
1862 3736 1913 3787 p.
1952 3719 2053 3773 209
2067 3735 2182 3787 sqq.

898 3805 940 3875 2)
977 3807 1116 3860 hanc
1169 3806 1464 3875 imaginem
1516 3805 1823 3874 nuperrime
1888 3809 2158 3872 repertam
2212 3804 2271 3858 in
2322 3805 2555 3859 Hermae
2620 3805 2726 3860 vol.
2786 3805 2853 3858 37
2908 3804 3086 3873 (1902)

724 3909 775 3962 p.
815 3892 914 3946 137
939 3909 1052 3960 sqq.
1090 3891 1378 3946 ediderunt
1401 3891 1578 3945 Hiller
1613 3908 1719 3945 von
1743 3891 2108 3959 Gaertringen
2145 3895 2202 3944 et
2227 3890 2450 3943 Carolus
2475 3890 2697 3944 Robert.
2758 3890 2843 3943 Ea
2866 3894 3087 3943 tantum

726 3978 963 4047 adhibui,
1014 3993 1154 4046 quae
1200 3978 1257 4031 in
1293 3983 1538 4032 nostrum
1575 3977 1848 4044 quadrant
1882 3993 2060 4030 usum.

902 4063 942 4130 ³)
990 4080 1086 4132 pro
1139 4063 1450 4118 testimonio
1502 4062 1791 4116 adhibetur
1827 4077 1860 4114 a
1911 4061 2139 4115 Maassio
2174 4060 2531 4115 Kaibelianae
2583 4058 2928 4114 collectionis
2979 4059 3094 4126 epi-

728 4165 974 4220 gramma
1025 4149 1118 4203 62:
1171 4150 1223 4200 εἰ
1273 4145 1330 4199 δέ
1356 4145 1453 4203 ’τις
1503 4139 1747 4214 εὐσεβίας
1797 4144 1946 4214 παρὰ
2002 4143 2348 4217 Περσεφόνηι
2391 4143 2547 4216 χάρις
2599 4146 2763 4214 ἐστίν,
2807 4144 2816 4214 Ι
2860 4146 2950 4194 καὶ
3001 4148 3094 4195 σοὶ

728 4230 883 4300 τῆσδε
915 4239 1080 4303 μέρος
1113 4229 1249 4285 δῶκε
1295 4233 1432 4298 Τύχη
1469 4232 1753 4299 φθιμένηι.

899 4319 943 4382 ⁴)
979 4320 1062 4374 De
1096 4319 1253 4374 Fatis
1287 4319 1411 4375 vide
1445 4319 1704 4374 Roscheri
1740 4319 1872 4373 Lex.
1909 4319 2078 4387 Myth.
2118 4335 2170 4387 p.
2210 4317 2343 4371 1452
2356 4334 2435 4386 sq.
