3475 5118
465 379 572 466 49]
1289 380 1370 434 De
1406 387 1748 435 mortuorum
1783 382 1984 436 iudicio
2745 387 2824 451 81

466 570 573 617 eos
637 550 966 635 homineS,
1035 549 1148 631 qui
1233 552 1484 616 occulto
1542 548 2015 632 peccaverunt'
2051 572 2258 633 eoque
2318 554 2693 639 effecerunt,
2760 560 2834 621 ut

465 653 766 721 viventes
827 653 1192 737 effugerent
1249 653 1501 719 iudices
1563 658 1632 719 et
1695 658 1872 735 apud
1919 654 2163 721 inferos
2230 656 2510 737 denique
2556 658 2818 726 convin-

464 762 784 822 cerentur.

632 876 1002 941 Redeamus
1065 876 1315 940 duobus
1382 875 1605 942 verbis
1662 879 1748 940 ad
1807 876 2387 943 Rhadamanthum
2456 877 2827 961 flagello

464 979 1068 1060 castigantem.
1142 977 1403 1043 Primus
1437 979 1973 1059 apudRomanos
2004 984 2222 1046 movet
2254 981 2393 1045 tale
2416 985 2829 1064 tormentum,

464 1100 584 1162 quo
607 1100 753 1146 reos
784 1099 1010 1148 verum
1034 1080 1292 1146 edicere
1317 1085 1527 1162 cogat.
1572 1079 1743 1145 Nam
1767 1080 1837 1145 in
1855 1081 2252 1147 Graecorum
2279 1082 2828 1163 descriptionibus

463 1183 722 1266 flagello
780 1202 909 1248 non
970 1202 1129 1265 opus
1192 1188 1354 1265 erat,
1415 1182 1722 1263 quoniam
1783 1183 2023 1248 mortui
2084 1184 2511 1250 cicatricibus
2571 1185 2830 1251 animae

464 1285 797 1368 impressis
857 1285 1088 1352 statim
1148 1287 1693 1367 coarguebantur.
1804 1286 2047 1351 Contra
2093 1287 2179 1352 ab
2226 1287 2621 1372 auctoribuS,
2668 1307 2825 1368 quos

463 1408 635 1454 nunc
691 1394 1076 1469 tractamuS,
1135 1388 1401 1469 saepius
1461 1388 1627 1452 illud
1686 1388 2195 1454 instrumentum
2255 1396 2822 1455 commemoratum

463 1491 832 1558 invenimus
885 1490 1027 1558 sive
1074 1510 1114 1554 a
1156 1491 1381 1556 Furiis
1427 1491 1569 1555 sive
1614 1493 1702 1556 ab
1752 1491 1894 1572 ipso
1941 1491 2195 1557 arbitro
2242 1492 2631 1559 adhibitum.

633 1612 743 1677 Ita
808 1630 965 1678 vero
1032 1610 1367 1676 iudicandi
1431 1629 1668 1676 munus
1755 1610 2183 1677 distributum
2271 1611 2479 1677 fuisse
2566 1612 2832 1678 videtur

464 1715 639 1780 inter
666 1712 929 1797 fratres,
974 1718 1050 1779 ut
1079 1714 1290 1779 Minos
1323 1716 1404 1778 de
1434 1712 1601 1779 falso
1655 1713 1926 1779 crimine
1973 1714 2304 1779 damnatis
2336 1719 2596 1780 tantum
2625 1733 2830 1782 novas

464 1817 846 1883 institueret
899 1816 1347 1897 quaestiones,
1408 1835 1550 1881 cum
1602 1816 2154 1882 Rhadamanthus
2205 1816 2494 1898 reliquos
2546 1823 2830 1884 mortuos

467 1919 755 1986 cuiusvis
799 1919 1116 1984 scelerum
1159 1918 1422 1999 generis
1455 1918 1874 1984 convinceret
1920 1918 2146 1998 eisque
2174 1938 2423 2000 poenas
2469 1919 2831 2000 imponeret

465 2021 942 2087 acerbissimas.
1015 2021 1212 2086 quta
1243 2026 1462 2086 autem
1492 2020 1855 2102 Tisiphone
1887 2026 2026 2086 stat
2067 2024 2153 2085 ad
2182 2027 2412 2086 nutum
2446 2021 2728 2105 intenta,
2757 2026 2833 2087 ut

467 2124 693 2190 statim
741 2129 1047 2189 exerceat
1090 2123 1431 2204 supplicia.

634 2296 822 2362 Inter
835 2293 1119 2378 Vergilii
1140 2294 1390 2375 scripta
1405 2293 1661 2358 minora
1696 2312 1867 2373 quae
1890 2293 2198 2360 feruntur
2222 2295 2270 2360 C
2289 2313 2331 2360 u
2348 2295 2413 2359 li
2431 2295 2505 2360 ci
2522 2314 2552 2359 8
2571 2314 2834 2361 carmen

468 2418 666 2465 unum
720 2404 824 2464 est
869 2398 1156 2480 dignum,
1217 2396 1398 2462 cuius
1435 2396 1801 2461 habeamus
1857 2396 2196 2461 rationem.
2301 2397 2507 2462 Culex
2551 2397 2832 2463 bestiola

470 2522 510 2567 a
539 2507 804 2584 pastore
835 2503 1113 2582 quodam
1146 2498 1500 2565 interfecta
1531 2502 1696 2581 erat,
1728 2516 1873 2564 cum
1906 2498 2350 2583 dormientem,
2389 2518 2472 2566 ne
2504 2500 2830 2582 serpentis

470 2603 1058 2686 appropinquantis
1115 2622 1330 2668 morsu
1387 2606 1758 2685 necaretur,
1819 2603 2043 2667 aculeo
2104 2621 2140 2667 e
2199 2622 2419 2668 somno
2488 2603 2831 2669 excitaret.

467 2707 811 2789 Insepulta
871 2706 1085 2771 adhuc
1145 2707 1231 2769 ad
1287 2723 1560 2787 regnum
1619 2704 2061 2784 Proserpinae
2118 2705 2427 2785 pervenit
2491 2704 2831 2771 Alcestide

468 2811 797 2891 Penelope
812 2807 1146 2890 Eurydice
1171 2806 1514 2872 comitibus
1541 2808 1881 2886 multaque
1910 2806 2004 2871 ibi
2036 2806 2211 2871 mala
2227 2805 2611 2887 perpetitur.
2644 2806 2830 2889 Quae

469 2911 697 2992 qualia
753 2910 1004 2976 fuerint
1060 2909 1356 2991 proxima
1399 2913 1589 2974 nocte
1633 2909 1890 2989 pastori
1950 2908 2265 2989 profundo
2312 2928 2540 2989 sopore
2588 2908 2828 2974 domito

470 3019 743 3080 enarrat
802 3018 870 3079 61
928 3012 1242 3094 queritur,
1300 3014 1472 3093 quod
1516 3011 1617 3077 ita
1677 3012 1986 3093 neglecta
2043 3011 2149 3094 sit,
2208 3016 2284 3076 ut
2341 3030 2425 3076 ne
2470 3010 2831 3092 sepeliendi

469 3118 731 3199 quidem
773 3118 1014 3182 honore
1044 3119 1406 3180 ornaretur.
1498 3114 1718 3196 Agere
1752 3118 1972 3179 autem
2006 3116 2086 3178 de
2116 3114 2239 3179 hoc
2282 3113 2573 3179 carmine
2604 3118 2829 3179 nostro

468 3221 608 3287 loco
651 3219 870 3301 liceat,
915 3217 1173 3284 etiamsi
1218 3217 1488 3282 ineunte
1534 3216 1827 3282 carmine
1870 3216 2185 3299 legimus:

777 3354 1201 3438 LusimuS,
1247 3352 1504 3432 Octavi,
1546 3347 1788 3435 'gracili
1832 3354 2210 3419 modulante
2255 3352 2500 3416 Thalia

780 3464 979 3538 atque
1023 3462 1100 3522 ut
1144 3455 1437 3521 araneoli
1482 3461 1745 3521 tenuem
1789 3454 2218 3523 formavimus
2263 3473 2481 3519 orsum

472 3584 541 3645 et
587 3579 646 3645 si
677 3598 718 3643 a
748 3577 1038 3643 Maassio
1085 3578 1149 3661 (1.
1180 3595 1227 3641 s,
1257 3596 1315 3657 p.
1348 3576 1475 3639 224
1506 3576 1674 3658 sqq.)
1721 3574 2015 3640 fontibus
2064 3573 2424 3640 Graecis
2468 3591 2655 3638 usum
2687 3591 2831 3638 esse

473 3686 806 3748 auctorem
851 3683 1210 3746 edocemur.

646 3801 850 3866 Culex
907 3799 1131 3882 igitur,
1189 3803 1532 3880 postquam
1594 3815 1664 3861 se
1728 3796 1813 3860 ab
1858 3795 2235 3860 heroidibus
2281 3796 2643 3860 salutatam
2688 3813 2832 3861 esse

474 3902 663 3987 dixit,
720 3902 1053 3985 Eurydice
1112 3900 1467 3982 nominata,
1527 3904 1603 3965 ut
1648 3901 1728 3962 de
1774 3897 2020 3979 Orphei
2080 3900 2165 3962 ad
2210 3896 2455 3962 inferos
2517 3900 2832 3962 descensu

471 4024 689 4087 pauca
732 4004 1043 4086 proferat,
1088 4006 1524 4068 commovetur
1568 4020 1626 4068 v.
1674 4001 1802 4066 270
1848 4018 2016 4081 81111.;

682 4144 901 4207 audax
946 4140 1061 4205 ille
1106 4139 1383 4222 quidem,
1430 4137 1542 4218 qui
1586 4137 1814 4202 mitem
1863 4137 2188 4201 Cerberon
2231 4154 2521 4215 unquam

682 4243 965 4310 credidit
1010 4248 1128 4308 aut
1171 4241 1291 4306 ulli
1333 4240 1514 4305 Ditis
1558 4238 1893 4321 placabile
1936 4256 2194 4320 numen,

679 4365 802 4411 nec
844 4344 1069 4411 timuit
1111 4344 1599 4427 Phlegethonta
1645 4339 1977 4406 furentem
2021 4338 2410 4405 ardentibus
2457 4338 2651 4404 undis
2698 4389 2711 4403 .
2757 4390 2770 4403 .
2817 4390 2829 4403 .

576 4462 1214 4516 Religionsgeschichtliche
1238 4460 1478 4506 Versuche
1505 4471 1552 4503 u.
1582 4458 1906 4503 Vorarbeiten
1945 4458 2006 4501 II.
2452 4439 2487 4491 6
