3475 5118
698 409 783 475 60
1759 406 1819 460 L.
1857 406 2005 461 Ruhl
2950 409 3058 490 [23

695 580 812 662 μὲν
851 588 1035 665 νῆσος
1086 578 1184 664 εἴη
1231 590 1363 641 τῶν
1402 579 1728 663 Μακάρων
1766 580 2384 664 προσαγορευομένη,
2456 576 2653 661 ἀρχὸς
2696 575 2767 641 δὲ
2811 577 2846 642 ὃ
2892 586 3060 665 Κρῆς

698 681 1156 763 Ῥαδάμανθυς.
1182 680 1292 744 καὶ
1316 679 1390 766 δὴ
1417 680 1799 761 ἀναχθέντες
1835 679 1925 756 ὡς
1954 679 2140 744 αὐτὸν
2170 679 2237 744 ἐν
2264 681 2442 760 τάξει
2470 691 2600 743 τῶν
2629 679 3061 762 δικαζομένων

703 783 970 871 ἔστημεν
997 788 1288 870 τέταρτοι
1312 837 1326 849 .
1356 830 1368 845 .
1397 837 1409 850 .
1459 785 1556 850 10.
1578 788 1866 867 τέταρτοι
1896 781 1964 847 δὲ
1994 782 2175 866 ἡμεῖς
2202 784 2683 870 προσήχθημεν,
2725 784 2832 848 καὶ
2877 782 2911 847 ὃ
2944 782 3061 865 μὲν

700 888 881 973 ἤρετο
925 890 989 951 τί
1029 886 1359 963 παθόντες
1404 886 1498 950 ἔτι
1542 885 1769 966 ζῶντες
1814 883 1987 969 ἱεροῦ
2030 889 2269 970 χωρίου
2315 881 2724 971 ἐπιβαίημεν·
2770 885 2949 968 ἡμεῖς
2988 885 3060 951 δὲ

700 992 912 1054 πάντα
935 989 1078 1074 ἑξῆς
1110 988 1570 1076 διηγησάμεθα.
1639 984 1822 1065 οὗτος
1866 987 1940 1074 δὴ
1961 991 2512 1076 μεταστησάμενος
2533 988 2700 1071 ἡμᾶς
2724 984 2833 1052 ἐπὶ
2856 990 3061 1054 πολὺν

700 1092 927 1176 χρόνον
972 1089 1310 1156 ἐσκέπτετο
1354 1092 1465 1156 καὶ
1507 1102 1642 1169 τοῖς
1688 1090 2013 1174 συνέδροις
2056 1090 2376 1156 ἐκοινοῦτο
2421 1092 2574 1178 περὶ
2616 1091 2819 1174 ἡμῶν·
2882 1094 3058 1176 συνή-

706 1195 928 1279 δρευον
985 1192 1056 1257 δὲ
1100 1192 1288 1259 ἄλλοι
1344 1217 1412 1258 τε
1464 1193 1699 1259 πολλοὶ
1757 1194 1866 1258 καὶ
1911 1193 2289 1280 Ἀριστείδης
2348 1193 2382 1258 ὃ
2445 1193 2696 1271 δίκαιος
2739 1248 2752 1260 .
2797 1248 2810 1261 .
2855 1194 2945 1270 ὡς
2988 1192 3060 1258 δὲ

704 1294 921 1376 ἔδοξεν
964 1297 1162 1380 αὐτῷ,
1209 1296 1579 1382 ἀπεφήνατο
1622 1306 1731 1382 τῆς
1774 1295 1892 1378 μὲν
1935 1297 2544 1384 φιλοπραγμοσύνης
2596 1297 2704 1361 καὶ
2747 1306 2855 1382 τῆς
2898 1296 3056 1362 ἀπο-

705 1399 951 1486 δημίας,
1000 1394 1263 1465 ἐπειδὰν
1292 1398 1749 1482 ἀποθάνωμεν,
1797 1398 2018 1464 δοῦναι
2056 1400 2171 1477 τὰς
2201 1400 2494 1475 εὐθύνας,
2524 1398 2596 1463 τὸ
2628 1397 2698 1464 δὲ
2727 1412 2834 1463 νῦν
2876 1399 3059 1487 ῥητὸν

699 1502 928 1588 χρόνον
967 1505 1306 1584 μείναντας
1335 1497 1399 1565 ἓν
1425 1513 1499 1586 τῇ
1547 1504 1711 1588 νήσῳ
1745 1556 1759 1568 .
1792 1555 1805 1568 .
1852 1501 2170 1567 ἀπελθεῖν
2199 1556 2211 1569 .
2245 1556 2258 1568 .
2291 1556 2303 1568 .
2354 1506 2448 1570 11.
2493 1502 2869 1567 τούντεῦθεν
2910 1502 3060 1585 ἡμῖν

640 1616 648 1623 ·
700 1604 1073 1686 αὐτομάτων
1115 1616 1239 1668 τῶν
1284 1616 1617 1690 στεφανῶν
1658 1610 2124 1691 περιρρυέντων
2168 1605 2538 1686 ἐλελύμεθα.

870 1708 1041 1790 Iup.
1071 1708 1276 1775 conf.
1325 1711 1405 1774 18
1438 1714 1507 1775 et
1536 1708 1815 1775 Luciani
1848 1709 1958 1790 qui
1994 1708 2208 1774 fertur
2240 1710 2335 1774 de
2365 1710 2606 1774 luctu
2637 1708 2903 1775 libellus
2931 1728 2981 1774 c.
3011 1710 3052 1775 6

698 1810 866 1876 nihil
911 1812 1044 1876 iam
1076 1814 1399 1893 praebent
1434 1813 1618 1879 novi:
1665 1830 1867 1892 quare
1901 1830 2008 1877 eos
2041 1829 2573 1878 commemorasse
2618 1811 2784 1877 satis
2829 1812 3054 1877 habeo,

870 1999 930 2063 E
976 1998 1137 2063 locis
1169 2016 1327 2078 quos
1373 1998 1572 2062 attuli
1618 1999 1695 2063 de
1743 2002 2139 2063 mortuorum
2186 1998 2447 2080 dialogo
2485 1999 2706 2063 XXX.
2751 1998 2883 2063 iam
2914 2000 3054 2065 bre-

701 2102 876 2168 viter
908 2101 1044 2183 egi:
1077 2100 1476 2166 iudicantem
1506 2100 1789 2165 vidimus
1822 2100 2122 2183 Minoem,
2154 2101 2266 2180 qui
2296 2101 2366 2166 in
2398 2101 2870 2183 Necyomantia
2902 2120 3052 2182 quo-

699 2223 823 2285 que
869 2203 1109 2270 arbitri
1155 2202 1456 2285 fungitur
1501 2202 1714 2269 officio
1764 2205 2000 2269 sedens
2045 2204 2115 2268 in
2163 2205 2297 2269 alto
2340 2204 2571 2270 throno
2620 2209 2688 2270 et
2731 2205 3053 2270 ministris

698 2308 1234 2388 adiutoribusque
1265 2307 1572 2388 stipatus.
1649 2306 1778 2389 Qui
1811 2310 2032 2372 autem
2073 2309 2154 2372 ad
2203 2326 2349 2372 eum
2394 2309 2721 2372 ducuntur
2765 2308 3052 2373 cuiusvis

697 2410 961 2492 generis
983 2409 1319 2492 flagitiosi,
1343 2414 1420 2474 ut
1442 2411 1853 2492 damnentur,
1878 2415 2117 2475 catena
2138 2411 2337 2492 longa
2355 2429 2437 2474 ne
2461 2410 2723 2490 possint
2749 2411 3052 2492 effugere,

699 2517 856 2579 sunt
901 2512 1209 2579 devincti.
1297 2513 1392 2578 Et
1436 2512 1714 2578 maxime
1748 2518 1975 2579 nostra
2012 2512 2294 2579 interest
2332 2514 2442 2579 vel
2473 2512 2542 2579 in
2586 2515 2923 2580 beatorum
2958 2514 3052 2578 in-

697 2615 892 2698 suliS,
973 2620 1428 2681 accusatos
1518 2618 1802 2681 nondum
1876 2622 2159 2682 mortuos
2224 2616 2505 2682 fuisse
2592 2617 3053 2699 religatOS,

698 2738 829 2784 non
873 2718 1108 2784 ferreis
1156 2717 1414 2798 quidem
1460 2720 1728 2801 catenis,
1794 2721 1908 2784 sed
1957 2717 2235 2804 ῥοδίνοις
2290 2719 2649 2803 στεφάνοις,
2707 2713 2890 2793 οὗτος
2932 2718 3053 2803 γὰρ

695 2826 990 2903 μέγιστος
1030 2820 1189 2906 παρ’
1235 2820 1452 2898 αὐτοῖς
1495 2818 1727 2902 δεσμός
1758 2820 1943 2884 ἐστιν.
2014 2823 2179 2887 Nam
2225 2841 2521 2887 rosarum
2567 2840 2836 2887 coronas
2881 2822 3052 2886 idem

697 2923 1074 3007 significare
1105 2926 1276 3004 quod
1305 2943 1599 2990 rosarum
1632 2928 1817 2990 serta
1847 2925 2336 3008 („Rosenkette,
2368 2924 2816 3009 Guirlande“),
2849 2929 2916 2988 et
2960 2941 3052 3006 e0‚

696 3028 868 3107 quod
886 3027 980 3091 eis
1000 3026 1097 3091 rei
1112 3027 1356 3092 vinciri
1371 3030 1682 3107 poterant
1700 3031 1769 3091 et
1791 3027 2058 3092 vocibus
2083 3024 2394 3110 δήσαντες,
2414 3024 2660 3110 δεσμός,
2679 3024 3053 3104 αὐτομάτων

694 3139 821 3191 τῶν
881 3139 1211 3213 στεφανῶν
1282 3131 1741 3213 περιρρυέντων
1800 3127 2270 3205 ἐλελύμεθα
2340 3129 2504 3195 satis
2562 3131 2739 3194 clare
2793 3130 3050 3194 demon-

697 3235 969 3297 stratur.
1058 3232 1285 3311 Neque
1331 3232 1659 3312 miramur,
1720 3234 1891 3312 quod
1950 3251 2326 3298 rosarum
2385 3232 2611 3297 molles
2665 3237 2938 3297 catenae
2983 3231 3051 3295 in

696 3333 950 3416 Elysiis
982 3333 1230 3414 campis
1263 3334 1767 3399 adhibebantur.
1834 3334 2167 3399 Lucianus
2198 3334 2370 3399 enim
2413 3334 2668 3399 coronis
2711 3335 3050 3400 beatorum

695 3454 929 3501 munus
1027 3436 1241 3502 adhuc
1335 3435 1703 3501 inauditum
1798 3436 2131 3503 vinciendi
2215 3444 2556 3503 accusatos
2645 3436 3050 3502 viventes

697 3538 957 3617 quidem
1003 3537 1390 3623 attribuit.1)

867 3640 995 3706 Sed
1062 3660 1412 3722 pergamus
1483 3641 1553 3705 in
1611 3642 2006 3722 explicanda
2064 3640 2578 3723 Necyomantiae
2637 3640 3050 3706 narratione:

695 3742 805 3806 καὶ
847 3740 1194 3826 ἠκούσαμεν
1257 3753 1379 3805 τῶν
1438 3739 2006 3824 ἀπολογουμένων·
2062 3741 2443 3828 κατηγόρουν
2488 3741 2557 3806 δὲ
2598 3741 2800 3806 αὐτῶν
2841 3744 3053 3805 καινοί

694 3866 857 3919 τινες
920 3845 1030 3907 καὶ
1085 3843 1449 3928 παράδοξοι
1506 3844 1777 3930 ῥήτορες.
1865 3846 2006 3910 Iam
2074 3845 2144 3910 in
2211 3864 2444 3912 novam
2507 3851 2758 3911 terram
2825 3863 3050 3911 sumus

697 3947 933 4013 delati:
994 3948 1292 4013 rhetores
1354 3948 1544 4031 enim,
1601 3949 1714 4028 qui
1775 3949 2183 4013 accusabant
2242 3954 2308 4013 et
2372 3947 2684 4030 accusati,
2745 3948 2858 4028 qui
2904 3965 3050 4012 sese

697 4049 1160 4132 defendebant,
1191 4050 1377 4116 nobis
1407 4051 1621 4115 adhuc
1652 4051 1865 4132 ignoti
1898 4055 2121 4132 erant3
2153 4050 2287 4116 nisi
2322 4051 2494 4116 forte
2526 4049 2808 4117 Critonis
2838 4050 3052 4116 locum

872 4219 910 4288 ¹)
948 4219 1087 4288 Legi
1110 4220 1253 4287 apud
1279 4220 1473 4273 Persas
1501 4234 1711 4287 quoque
1736 4219 2050 4274 daemonem
2075 4220 2310 4274 animam
2346 4227 2596 4274 catena
2632 4219 2941 4274 vinctam
2978 4221 3050 4273 ad

697 4304 899 4360 Cinvat
934 4311 1152 4374 pontem
1189 4321 1346 4373 quem
1383 4311 1580 4359 vocant
1615 4307 1808 4360 ducere
1834 4311 1963 4360 ante
1997 4307 2202 4361 iudices
2239 4306 2322 4374 (N.
2350 4306 2654 4360 Soderblom
2691 4306 2725 4359 l.
2763 4323 2804 4360 s.
2841 4322 2892 4372 p.
2928 4303 3046 4374 89):

696 4390 762 4444 ‘le
799 4389 989 4445 demon
1025 4391 1291 4445 Vizaresa
1326 4393 1513 4446 amene
1549 4407 1627 4446 en
1646 4392 1939 4446 chainee
1974 4393 2132 4446 l’ame
2167 4391 2511 4461 pecheresse'.
