3475 5118
651 342 735 407 70
1701 338 1763 392 L.
1799 338 1947 393 num
2886 340 3000 422 [38

648 516 832 579 terra
873 512 1174 597 Iuppiter
1215 510 1507 577 homines
1551 510 1787 592 punire
1842 509 2131 593 videtur,
2174 509 2234 575 si
2276 512 2457 575 recte
2486 509 3003 591 interpretamur

647 635 707 683 v.
750 617 874 703 6s7,
917 614 1029 698 qui
1071 613 1337 680 minime
1380 617 1686 696 spectant
1731 615 1818 679 ad
1862 612 2461 679 defunctorum
2504 612 2876 698 tribunal.1)

822 769 915 836 Ut
947 769 1359 836 absolvamus
1389 773 1637 852 poetas,
1683 753 1768 834 ad
1796 766 2235 851 fragmentum
2265 786 2351 833 co
2369 767 2564 834 mici
2595 767 2933 834 cuiusdam
2955 769 3004 854 2)

651 876 1104 940 convertamus
1123 897 1137 937 ε

867 1003 902 1057 5
945 987 1117 1055 ἔστιν
1159 993 1356 1077 Δίκης
1398 988 1743 1075 ὀφθαλμὸς
1786 989 1857 1066 ὃς
1891 988 1969 1052 τὰ
2012 987 2222 1052 πάνθ’
2268 988 2406 1076 ὁρᾷ.

939 1094 1048 1157 καὶ
1090 1093 1211 1180 γὰρ
1255 1093 1412 1157 καθ’
1457 1092 1663 1173 Ἃιδην
1707 1090 1822 1156 δύο
1868 1095 2122 1178 τρίβους
2164 1091 2522 1176 νομίζομεν,

934 1199 1090 1279 μίαν
1134 1194 1417 1269 δικαίων,
1463 1194 1735 1282 χάτέραν
1782 1193 2030 1279 ἀσεβῶν
2074 1193 2223 1259 ὁδόν
2269 1242 2282 1258 .
2334 1246 2348 1260 .
2397 1248 2410 1262 .

825 1304 899 1366 10
1149 1345 1163 1362 .
1213 1350 1229 1366 .
1275 1348 1287 1362 .
1333 1352 1347 1366 .
1394 1295 1530 1362 ἔστι
1567 1296 1687 1363 κάν
1727 1297 1957 1362 ‘'Atdov
1998 1300 2206 1384 κρίσις

939 1401 1139 1489 ἥνπερ
1181 1403 1441 1488 ποιήσει
1482 1403 1638 1477 θεὸς
1682 1401 1717 1465 ὃ
1758 1402 2022 1465 πάντων
2066 1399 2396 1487 δεσπότης,

941 1499 1015 1569 οὗ
1056 1505 1336 1587 τοῦνομα
1382 1504 1679 1591 φοβερόν,
1727 1502 1861 1568 οὐδ’
1901 1504 1981 1568 ἂν
2024 1501 2411 1585 ὀνομάσαιμ’
2457 1502 2580 1585 ἐγώ
2627 1550 2640 1566 .
2691 1549 2705 1564 .
2756 1548 2771 1566 .

837 1643 1109 1708 Poetam
1189 1642 1295 1708 dei
1388 1642 1748 1709 iudicantis
1828 1661 2061 1708 nomen
2140 1642 2545 1708 verecundia
2622 1644 3006 1707 commotum

648 1745 909 1811 silentio
954 1746 1374 1827 praeteriisse
1403 1745 1729 1827 suspicari
1773 1745 1959 1812 nobis
1987 1745 2234 1831 licebit.
2323 1745 2616 1811 Concedo
2653 1744 2803 1812 vias
2836 1746 3001 1810 duas

649 1852 720 1914 et
747 1848 1001 1930 piorum
1034 1852 1102 1914 et
1130 1848 1472 1930 impiorum
1506 1867 1542 1914 e
1572 1849 1851 1915 Platone
1880 1847 2167 1930 potuisse
2197 1848 2379 1931 sumi,
2424 1850 2538 1914 sed
2566 1848 2763 1929 plura
2792 1866 2874 1913 ex
2902 1846 3006 1912 his

648 1950 949 2018 versibus
977 1951 1302 2018 incertum
1345 1970 1467 2032 quo
1499 1970 1660 2019 aevo
1693 1950 2013 2017 confectis
2057 1952 2443 2016 concludere
2471 1950 2588 2018 vix
2630 1950 3007 2032 poterimus,

821 2088 1266 2154 Oratorum
1310 2088 1545 2154 deinde
1590 2088 1967 2154 Atticorum
2020 2089 2101 2154 H.
2147 2089 2426 2154 Meuss
2472 2087 2545 2154 in
2587 2086 3005 2154 Fleckeiseni

647 2191 862 2257 annal.
924 2192 1091 2257 1889
1149 2192 1220 2257 in
1287 2191 1888 2275 disputatiuncula,
1948 2210 2116 2273 quae
2174 2190 2565 2257 inscribitur
2628 2190 2793 2274 „Die
2837 2191 3005 2257 Vor-

648 2294 1026 2376 stellungen
1070 2313 1217 2361 vom
1245 2294 1492 2361 Dasein
1533 2295 1704 2360 nach
1749 2296 1895 2360 dem
1941 2295 2121 2360 Tode
2161 2294 2273 2361 bei
2302 2296 2428 2360 den
2473 2297 2592 2359 att.
2637 2294 3006 2377 Rednern“,

627 2388 713 2478 p.
756 2397 881 2463 801
915 2415 1049 2478 sqq.
1095 2416 1315 2463 omnes
1359 2397 1728 2464 huiusmodi
1760 2398 2130 2464 sententiae
2173 2398 2348 2463 locos
2394 2396 2688 2480 contulit,
2735 2415 3006 2479 quorum

651 2517 768 2567 nos
826 2499 922 2566 eis
966 2503 1245 2584 utamur,
1297 2501 1410 2582 qui
1450 2501 1693 2568 iudicio
1736 2506 1886 2583 post
1928 2503 2205 2567 mortem
2247 2500 2659 2567 instituendo
2707 2500 3005 2568 alludere

652 2603 978 2671 videntur.
1065 2604 1234 2669 Nam
1277 2604 1460 2686 Hyp
1478 2603 1715 2670 eride
1733 2623 1765 2670 s
1807 2605 1878 2669 in
1924 2604 2260 2685 epitaphio
2306 2607 2591 2669 exeunte
2633 2604 2812 2672 viros
2875 2602 3007 2669 for-

650 2706 936 2773 tissimos
982 2708 1159 2788 apud
1215 2706 1461 2773 inferos
1503 2707 1801 2788 praemia
1861 2712 2171 2773 nacturos
2228 2726 2369 2773 esse
2410 2711 2638 2788 sperat
2684 2705 3007 2792 (πλείστης

654 2807 1031 2893 κηδεμονίας
1071 2805 1201 2873 em>
1256 2819 1370 2873 τοῦ
1412 2807 1746 2892 δαιμονίου
1788 2809 2156 2896 τυγχάνειν),
2221 2811 2338 2875 sed
2376 2810 2643 2875 dubium
2686 2815 2806 2885 est,
2852 2829 3006 2875 num

652 2912 731 2977 de
773 2912 1014 2978 iudicio
1060 2912 1475 2995 cogitaverit.
1548 2913 1806 2978 Deinde
1851 2913 1918 2978 in
1965 2913 2262 2979 oratione
2306 2916 2536 2979 contra
2566 2913 3006 2978 Timocratem

651 3014 881 3081 habita
909 3015 1556 3099 Demosthene-S,
1601 3014 1875 3101 (XXIV,
1923 3014 2076 3099 104)
2122 3021 2198 3081 ut
2242 3015 2483 3097 capitis
2512 3015 2625 3081 ille
2658 3018 3004 3081 damnetur

652 3118 884 3184 suadet
927 3118 1476 3202 Atheniensibus,
1534 3114 1611 3182 ἵν’
1660 3123 1723 3182 ἐν
1766 3115 1975 3182 Ἅιδου
2031 3127 2168 3194 τοῖς
2211 3116 2471 3201 ἀσεβέσι
2512 3119 2604 3202 θῇ
2641 3128 2857 3181 τοῦτον
2898 3116 3005 3181 τὸν

650 3217 843 3301 νόμον
886 3219 1208 3286 nefarium
1266 3223 1607 3305 quendam,
1664 3224 1835 3287 unde
1895 3240 2041 3287 eam
2085 3240 2282 3287 unam
2327 3221 2770 3287 coniecturam
2814 3225 3004 3303 potes

651 3341 908 3389 sumere
951 3323 1021 3388 in
1068 3323 1233 3389 Orco
1276 3329 1662 3407 segregatos
1708 3343 1851 3391 esse
1894 3324 2037 3406 pios
2083 3329 2151 3389 et
2194 3324 2444 3408 impios,
2491 3325 2692 3390 aliam
2736 3324 3004 3391 nullam.

653 3427 903 3492 Tamen
932 3426 1246 3493 iudicium
1275 3427 1428 3493 fieri
1461 3430 1541 3493 de
1564 3428 1837 3494 mortuis
1868 3427 2074 3494 fuisse
2105 3447 2186 3493 ex
2214 3427 2672 3493 Demosthenis
2702 3428 3006 3509 opinione

653 3528 1053 3595 simillimum
1084 3534 1187 3597 est
1223 3531 1379 3614 veri,
1425 3536 1502 3597 ut
1542 3531 1804 3613 quidem
1831 3531 2096 3599 videtur
2139 3530 2441 3613 Meussi0,
2483 3530 2596 3612 qui
2637 3531 2831 3597 affert
2874 3531 3003 3597 De-

651 3633 880 3698 mosth.
938 3632 1009 3698 in
1053 3634 1342 3717 Aristog.
1388 3635 1423 3700 I
1481 3636 1518 3717 ξ
1563 3635 1677 3702 53:
1737 3634 1809 3699 ὃν
1854 3632 2001 3699 οὐδὲ
2056 3644 2185 3696 τῶν
2241 3630 2306 3697 ἐν
2364 3631 2576 3696 Ἅιδου
2618 3634 2792 3697 θεῶν
2836 3633 3005 3711 εἰκός

657 3727 792 3797 ἐστι
827 3744 1034 3813 τυχεῖν
1061 3732 1267 3809 ἵλεων,
1315 3734 1452 3799 ἀλλ’
1496 3733 1590 3813 εἰς
1624 3737 1774 3814 τοὺς
1803 3735 2055 3821 ἀσεβεῖς
2091 3735 2379 3821 ὠσθῆναι
2424 3735 2534 3800 διὰ
2560 3733 2670 3820 τὴν
2699 3739 3007 3822 πονηρίαν

827 3904 868 3972 ²)
904 3904 1045 3959 Vide
1067 3906 1339 3961 Rohdium
1362 3907 1421 3961 II
1454 3924 1506 3975 p.
1531 3907 1632 3960 247
1646 3924 1723 3975 sq.
1750 3913 1808 3962 et
1824 3907 2318 3963 Iwanowitschium
2353 3925 2405 3976 p.
2428 3909 2512 3962 68.
2574 3909 2715 3975 Quos
2740 3908 2818 3962 ibi
2842 3906 3006 3963 affert

651 3991 794 4046 locos
827 3990 942 4059 Iw„
980 3990 1176 4058 quibus
1223 3992 1288 4047 de
1334 3992 1521 4060 poenis
1568 3993 1657 4048 vel
1702 3993 1958 4061 praemiis
2004 3999 2129 4061 post
2162 3998 2391 4048 mortem
2427 3993 2792 4049 attribuendis
2827 3993 3004 4048 obiter

653 4075 856 4145 agitur,
892 4075 1030 4131 nihil
1066 4077 1255 4132 valent
1291 4077 1360 4132 ad
1393 4078 1778 4133 illustrandam
1812 4079 2089 4134 iudicandi
2123 4079 2407 4134 rationem.

826 4160 865 4230 ²)
901 4161 1148 4217 Iustinus
1197 4163 1283 4232 (de
1318 4179 1458 4218 mon.
1493 4181 1546 4232 p.
1583 4164 1734 4230 38D)
1788 4170 1845 4220 et
1878 4164 2148 4219 Eusebius
2197 4164 2462 4234 (praepar.
2511 4182 2593 4221 ev.
2626 4165 2770 4219 XIII
2803 4182 2856 4233 p.
2881 4164 3004 4233 400)

651 4246 968 4315 Diphilo,
1005 4248 1251 4304 Clemens
1285 4249 1440 4304 Alex.
1480 4249 1694 4319 (Strom.
1731 4251 1783 4306 V
1816 4267 1868 4319 p.
1905 4250 2023 4319 258,
2061 4249 2149 4320 30)
2188 4250 2284 4305 alii
2318 4251 2714 4307 Philemoni
2750 4250 3007 4306 tribuunt

650 4331 749 4387 hos
784 4348 989 4402 versuS,
1027 4335 1152 4389 vide
1185 4335 1454 4390 Kockium
1492 4337 1630 4391 CAF
1667 4337 1726 4390 H
1761 4353 1814 4404 p.
1850 4336 1965 4391 539.
