3475 5118
494 381 560 468 7]
1334 384 1415 439 De
1452 389 1787 439 mortuorum
1821 384 2020 440 iudicio
2763 390 2847 455 39

497 549 568 615 δὲ
596 551 875 636 πονηρός
913 573 1010 627 τις
1031 575 1044 590 ·
1092 551 1201 615 καὶ
1237 562 1422 616 τοῦτο
1453 551 1732 616 κατιδὼν
1762 551 2158 638 ἀπέπεμψεν
2186 553 2278 631 εἰς
2333 556 2662 642 τάρταρον,
2708 555 2850 622 ἐπι-

499 655 963 740 σημηνάμενος,
1023 651 1133 717 ἐάν
1196 677 1265 718 τε
1330 653 1589 736 ἰάσιμος
1648 651 1756 720 ἐάν
1813 679 1881 720 τε
1933 655 2190 734 ἀνίατος
2232 656 2384 742 δοκῇ
2430 653 2609 723 εἶναι.
2698 658 2733 724 ὃ
2778 658 2849 725 δὲ

497 751 700 820 ἐκεῖσε
743 754 1131 841 ἀφικόμενος
1171 757 1251 820 τὰ
1283 758 1687 842 προσήκοντα
1715 761 1974 839 πάσχει.
2057 759 2257 824 ἐνίοτε
2286 759 2339 823 δ’
2372 760 2563 847 ἄλλην
2591 759 2850 826 εἰσιδὼν

495 857 688 935 ὁσίως
745 863 1127 942 βεβιωκυῖαν
1182 859 1294 923 καὶ
1349 858 1487 941 μετ’
1532 859 1874 948 ἀληθείας,
1944 860 2173 947 ἀνδρὸς
2233 861 2492 928 ἰδιώτου
2557 860 2596 946 ἢ
2656 864 2848 930 ἄλλου

492 961 693 1044 τινός,
761 961 1041 1042 μάλιστα
1083 961 1202 1043 μὲν
1247 1009 1261 1024 .
1312 1011 1326 1024 .
1373 1015 1387 1029 .
1432 963 1802 1049 φιλοσόφου
1844 963 1925 1027 τὰ
1981 962 2173 1030 αὑτοῦ
2214 967 2577 1051 πράξαντος
2619 966 2731 1030 καὶ
2774 967 2848 1032 οὗ

489 1063 1226 1150 πολυπραγμονήσαντος
1290 1062 1357 1129 ἐν
1420 1076 1509 1148 τῷ
1584 1068 1708 1149 βίῳ
1725 1112 1745 1139 ,
1828 1064 2081 1154 ἠγάσθη
2138 1091 2205 1132 τε
2262 1068 2371 1132 καὶ
2427 1067 2493 1146 ἐς
2546 1070 2849 1156 μακάρων

491 1168 712 1252 νήσους
756 1166 1132 1251 ἀπέπεμψε.
1220 1166 1417 1231 ταύτὰ
1456 1179 1654 1233 ταῦτα
1696 1169 1805 1232 καὶ
1850 1168 1885 1233 ὃ
1931 1169 2192 1246 Αἰακός.
2254 1169 2552 1258 ἑκάτερος
2597 1171 2666 1235 δὲ
2708 1175 2846 1237 τού-

491 1292 618 1332 των
653 1268 895 1356 ράβδον
940 1267 1098 1349 ἔχων
1142 1268 1422 1350 δικάζει·
1472 1270 1506 1335 ὃ
1538 1270 1608 1335 δὲ
1639 1274 1859 1348 Μίνως
1889 1271 2271 1337 ἐπισκοπῶν
2313 1275 2612 1360 κάθηται,
2654 1274 2851 1357 μόνος

495 1370 655 1451 ἔχων
697 1383 973 1457 χρυσοῦν
1018 1381 1353 1458 σκῆπτρον,
1402 1375 1490 1449 ὥς
1521 1394 1717 1460 φησιν
1745 1373 2075 1452 Ὀδυσσεὺς
2112 1379 2145 1439 ὃ
2176 1376 2447 1463 Ὁμήρου
2478 1376 2635 1442 ἰδεῖν
2664 1377 2852 1442 ἀὐτὸν

491 1475 770 1559 (χρύσεον
815 1484 1131 1562 σκῆπτρον
1174 1472 1412 1555 ἔχοντα’
1458 1523 1472 1538 .
1531 1523 1545 1539 .

664 1577 850 1661 Quae
894 1578 1130 1645 deinde
1170 1579 1242 1645 in
1285 1580 1403 1645 Ph
1422 1582 1745 1646 aedone
1802 1580 2134 1664 leguntur,
2181 1601 2309 1648 non
2353 1586 2491 1649 tam
2535 1583 2848 1650 iudicium

488 1679 701 1762 ipsum
769 1686 1271 1747 commemorant
1339 1700 1535 1763 quam
1599 1701 1710 1766 ea,
1777 1702 1946 1765 quae
2018 1689 2401 1769 sequuntur,
2473 1704 2716 1768 poenas
2776 1690 2847 1753 et

491 1783 1080 1865 metempsychosin
1098 1807 1112 1848 ε

661 1904 722 1965 p.
771 1887 895 1951 107
918 1886 1017 1952 D:
1062 1885 1310 1970 λέγεται
1354 1884 1426 1950 δὲ
1470 1885 1706 1964 οὕτως,
1769 1888 1858 1964 ὡς
1906 1889 2031 1974 ἄρα
2086 1889 2532 1976 τελευτήσαντα
2588 1890 2847 1956 ἕκαστον

492 1986 526 2050 ὃ
573 1985 842 2051 ἑκάστου
889 1986 1156 2070 δαίμων,
1221 1988 1423 2073 ὅσπερ
1483 1989 1690 2070 ζῶντα
1751 1988 2003 2077 εἰλήχει,
2058 1987 2242 2069 οὗτος
2301 1992 2478 2077 ἄγειν
2535 1992 2851 2079 ἐπιχειρεῖ

491 2088 583 2165 εἰς
627 2088 702 2176 δή
744 2113 885 2154 τινα
928 2092 1148 2164 τόπον,
1196 2088 1262 2156 οῖ
1306 2090 1408 2156 δεῖ
1436 2093 1585 2168 τοὺς
1625 2093 2032 2177 συλλεγέντας
2076 2093 2115 2157 δ
2130 2094 2268 2159 ιαδ
2284 2115 2593 2176 ικασαμ
2612 2099 2847 2172 ένους

489 2188 583 2267 εἰς
624 2190 831 2256 Ἅιδου
875 2196 1279 2278 πορεύεσθαι
1320 2195 1479 2275 μετὰ
1522 2194 1823 2277 ἡγεμόνος
1868 2195 2124 2260 ἐκείνου.
2174 2243 2188 2258 .
2237 2243 2251 2258 .

660 2316 722 2377 p.
792 2297 916 2362 113
941 2298 1036 2362 D:
1145 2291 1412 2360 ἐπειδὰν
1471 2295 1837 2382 ἀφίκωνται
1900 2295 1965 2362 οἱ
2035 2298 2529 2386 τετελευτηκότες
2587 2299 2677 2378 εἰς
2738 2300 2847 2366 τὸν

490 2396 710 2469 τόπον,
759 2393 823 2461 οῖ
867 2397 901 2461 ὃ
948 2396 1196 2479 δαίμων
1239 2397 1500 2464 ἕκαστον
1542 2399 1824 2485 κομίζει,
1883 2412 2221 2489 πρῶιτον
2276 2402 2393 2484 μὲν
2468 2401 2648 2468 διεδ
2664 2405 2843 2467 ικά-

493 2520 738 2565 σαντο
798 2497 867 2564 οἵ
902 2522 972 2564 τε
1015 2500 1227 2579 καλῶς
1281 2501 1392 2566 καὶ
1449 2501 1644 2580 ὁσίως
1696 2507 2046 2588 βιώσαντες
2101 2505 2214 2570 καὶ
2273 2505 2335 2571 οἱ
2391 2506 2494 2593 μή.
2581 2507 2843 2575 Descri-

490 2606 736 2671 buntur
780 2605 850 2670 in
880 2605 1308 2687 sequentibus
1342 2606 1606 2675 diversa
1634 2608 1946 2675 vitiorum
1974 2628 2222 2692 genera
2267 2614 2334 2677 et
2379 2611 2844 2692 suppliciorum

492 2711 561 2772 et
589 2708 1044 2787 praemiorum.
1238 2697 1248 2707 ”

662 2809 919 2892 Restat,
957 2815 1034 2875 ut
1063 2810 1362 2876 Armenii
1405 2810 1585 2876 illius
1616 2811 1757 2894 filii,
1802 2812 1909 2876 cui
1952 2830 2184 2878 nomen
2230 2817 2332 2878 est
2358 2811 2509 2897 ”Ηρ,
2553 2813 2843 2896 profera-

491 2929 634 2976 mus
677 2911 1140 2977 narrationem.
1226 2913 1342 2977 De
1386 2913 1500 2977 Re
1543 2914 1763 2994 publ.
1808 2933 1869 2994 p.
1916 2916 2042 2980 614
2086 2915 2143 2980 Β
2188 2933 2354 2995 sqq.:

659 3009 803 3099 ἔφη·
851 3011 938 3086 δέ,
1013 3011 1235 3099 ἐπειδὴ
1303 3008 1377 3078 οὗ
1442 3013 1699 3100 ἐκβῆναι
1762 3014 1869 3100 τὴν
1923 3017 2148 3101 ψυχήν,
2224 3018 2621 3102 πορεύεσθαι
2684 3018 2845 3100 μετὰ

490 3115 751 3180 πολλῶν
817 3117 924 3180 καὶ
990 3115 1416 3203 ἀφικνεῖσθαι
1483 3115 1578 3194 εἷς
1641 3117 1845 3183 τόπον
1907 3118 2050 3182 τινὰ
2115 3115 2460 3205 δαιμόνιον,
2527 3116 2592 3184 ἒν
2642 3116 2693 3204 ᾧ
2738 3130 2845 3207 τῆς

458 3222 557 3282 τε
600 3228 710 3304 γῆς
755 3218 852 3283 δύ’
898 3212 1061 3283 εἶναι
1102 3220 1403 3301 χάσματα
1449 3215 1729 3302 ἐχομένω
1778 3220 2069 3307 ἀλλήλοιν
2125 3223 2236 3287 καὶ
2289 3234 2402 3287 τοῦ
2453 3223 2722 3310 οὐρανοῦ
2764 3218 2847 3288 αὖ

490 3317 556 3384 ἐν
582 3331 672 3404 τῷ
711 3321 840 3385 ἄνω
865 3321 1028 3385 ἄλλα
1056 3326 1431 3409 καταντικρύ
1451 3348 1464 3363 ·
1501 3321 1806 3401 δικαστὰς
1837 3323 1907 3388 δὲ
1937 3325 2176 3406 μεταξὺ
2203 3327 2443 3389 τούτων
2484 3328 2843 3411 καθῆσθαι,

493 3421 624 3498 οῧς,
670 3421 892 3508 ἐπειδὴ
939 3423 1397 3498 διαδικάσειαν,
1456 3426 1605 3504 τοὺς
1643 3426 1763 3508 μὲν
1807 3425 2093 3503 δικαίους
2136 3427 2408 3492 κελεύειν
2448 3431 2845 3513 πορεύεσθαι

488 3524 595 3610 τὴν
640 3524 732 3602 εἰς
778 3524 992 3605 δεξιάν
1032 3548 1100 3590 τε
1142 3529 1250 3592 καὶ
1293 3527 1425 3592 ἄνω
1471 3527 1580 3592 διὰ
1622 3540 1736 3593 τοῦ
1781 3528 2063 3614 οὐρανοῦ,
2127 3541 2356 3616 σημεῖα
2397 3531 2847 3617 περιάψαντας

487 3640 611 3693 τῶν
635 3627 1107 3711 δεδικασμένων
1130 3627 1194 3694 ἐν
1220 3642 1310 3715 τῷ
1340 3630 1651 3716 πρόσθεν,
1688 3632 1837 3707 τοὺς
1866 3630 1938 3695 δὲ
1967 3631 2227 3708 ἀδίκους
2253 3633 2360 3719 τὴν
2390 3631 2483 3709 εἰς
2513 3632 2846 3720 ἀριστεράν

488 3753 556 3794 τε
598 3732 709 3795 καὶ
752 3732 943 3816 κάτω,
989 3728 1248 3811 ἔχοντας
1290 3733 1402 3797 καὶ
1443 3735 1703 3810 τούτους
1741 3734 1814 3799 ἐν
1860 3746 1950 3819 τῷ
1998 3733 2274 3800 ὄπισθεν
2318 3746 2549 3822 σημεῖα
2585 3739 2846 3801 πάντων

489 3830 576 3898 ὧν
616 3832 920 3919 ἔπραξαν.

662 3937 916 4022 Quibus
1016 3940 1241 4006 allatis
1329 3940 1461 4006 iam
1565 3941 1945 4007 accuratius
2032 3941 2433 4023 inquiramus
2518 3941 2587 4007 in
2677 3943 2844 4008 hanc

487 4042 832 4107 materiem
884 4060 925 4106 a
968 4042 1247 4107 Platone
1305 4043 1493 4109 nobis
1543 4044 1880 4109 traditam.
1954 4044 2046 4109 Ac
2089 4044 2368 4126 primum
2414 4043 2671 4124 quidem
2716 4044 2842 4111 dis-

488 4148 791 4223 putemus
850 4145 930 4210 de
988 4144 1314 4210 iudicibus
1376 4145 1596 4211 Aeaco
1656 4145 1881 4212 Minoe
1939 4146 2443 4212 Rhadamantho
2484 4145 2551 4211 in
2599 4146 2845 4229 Gorgia

489 4245 854 4330 nominatis
901 4246 1137 4327 quibus
1183 4246 1250 4312 in
1295 4247 1617 4330 Apologia
1654 4247 1739 4332 (p.
1774 4250 1853 4313 41
1885 4248 1973 4333 A)
2013 4247 2457 4329 Triptolemus
2507 4246 2618 4310 καὶ
2662 4245 2846 4312 ἄλλοι

490 4344 631 4410 ὅσοι
685 4358 812 4410 τῶν
866 4346 1155 4429 ἡμιθέων
1199 4346 1442 4413 δίκαιοι
1501 4343 1784 4432 ἐγένοντο
1824 4348 1888 4413 ἐν
1938 4359 2027 4432 τῷ
2069 4347 2307 4413 ἑαυτῶν
2349 4351 2472 4432 βίῳ
2514 4351 2845 4416 adduntur
