3475 5118
453 438 564 525 33]
1288 441 1369 494 De
1406 445 1739 495 mortuorum
1774 440 1971 495 iudicio
2726 443 2809 510 65

456 614 542 677 ad
569 610 882 676 iudicium
916 610 1302 676 Atticorum.
1327 608 1380 695 1)
1424 610 1773 692 Reliquum
1805 617 1923 695 est,
1953 616 2030 678 ut
2062 614 2144 678 ad
2176 614 2572 694 explicanda
2597 617 2812 681 verba

457 713 651 798 (Men.
696 714 802 797 11)
847 711 1212 796 παράδοξοι
1258 712 1513 799 ῥήτορες
1555 714 1890 781 rhetorum
1935 719 2186 795 quanta
2216 716 2579 782 auctoritas
2609 716 2813 782 fuerit

454 816 525 882 in
581 815 798 882 causis
858 816 1135 899 agendis
1189 817 1634 881 recordemur:
1665 816 1799 882 iam
1843 817 2060 883 omnia
2103 816 2580 901 intellegentur
2626 817 2811 885 facil-

454 919 624 986 lime.
648 918 700 1003 2)
790 919 1126 984 Lucianus
1156 919 1367 1002 igitur
1400 919 1695 985 Platonis
1724 920 1898 985 locos
1931 939 2054 986 usu
2097 919 2397 986 iudiciali
2438 921 2813 988 Atticorum

459 1021 683 1087 addito
731 1021 920 1086 auxit
965 1024 1045 1087 de
1091 1039 1205 1087 suo
1248 1040 1426 1087 more
1469 1021 1762 1087 satirico.

631 1208 814 1290 Quae
887 1211 1150 1272 restant
1217 1207 1613 1289 testimonia,
1695 1208 1931 1288 quibus
1994 1208 2340 1275 Platonem
2415 1210 2810 1292 posteriores

459 1328 603 1375 esse
640 1313 896 1376 secutos
928 1311 1432 1392 demonstratur,
1477 1310 1657 1375 haud
1697 1310 1800 1374 ita
1828 1315 1983 1375 sunt
2011 1311 2239 1377 multa.
2298 1315 2395 1378 Ac
2434 1313 2811 1396 Porphy-

457 1412 639 1478 rius
699 1412 769 1477 in
810 1412 971 1479 Vita
1018 1411 1263 1478 Plotini
1307 1412 1385 1496 (c.
1431 1412 1540 1492 22)
1603 1413 1672 1477 in
1735 1412 2023 1479 carmine
2087 1415 2172 1479 ad
2223 1415 2558 1481 Plotinum
2618 1415 2813 1482 misso

457 1515 611 1580 inde
657 1534 697 1579 a
741 1534 801 1581 V.
847 1516 886 1580 9
933 1515 1200 1580 exhibet
1243 1515 1439 1580 haec:

589 1669 601 1685 .
647 1669 662 1682 .
708 1669 721 1682 .
766 1616 923 1697 μεθ’
965 1615 1265 1702 ὁμήγυριν
1310 1614 1526 1701 ἔρχεαι
1568 1614 1683 1703 ἤδη

590 1716 941 1805 δαιμονίην,
989 1718 1319 1804 ἐρατοῦσιν
1355 1717 1827 1783 ἀναπνείουσαν
1872 1718 2093 1805 ἇήταις

587 1816 724 1885 ἐνθ’
770 1819 865 1885 ἔνι
906 1820 1025 1903 μὲν
1069 1821 1337 1907 φιλότης
1382 1875 1395 1888 .
1442 1875 1454 1888 .
1501 1875 1515 1888 .
1561 1874 1574 1888 .

460 1926 542 1990 15
584 1928 878 2011 χρυσείης
919 1934 1138 2010 γενεῆς
1178 1924 1456 2023 μεγάῇου
1501 1923 1659 2000 Διὸς
1699 1920 1810 2008 ᾗχι
1852 1932 2145 2001 νέμονται

587 2028 822 2103 Μίνως
863 2028 973 2091 καὶ
1019 2025 1470 2108 Ῥαδάμανθυς
1514 2025 1842 2111 ἀδελφεοί,
1894 2022 2003 2112 ᾗχι
2050 2026 2300 2104 ὄικαῖος

586 2129 835 2207 Αἰακός
877 2183 891 2197 .
939 2183 953 2196 .

629 2233 1022 2315 Explicatur
1105 2234 1339 2299 deinde
1412 2234 1534 2299 hoc
1608 2252 1901 2299 carmen:
1988 2235 2074 2298 ad
2144 2235 2491 2300 beatorum
2559 2239 2814 2300 coetum

457 2354 603 2401 eum
634 2337 1034 2419 pervenisse,
1081 2336 1306 2418 ibique
1335 2355 1422 2402 re
1438 2356 1543 2418 gn
1561 2355 1702 2402 are
1749 2336 2111 2402 amicitiam
2157 2336 2553 2402 desiderium
2611 2337 2813 2403 laeti·

455 2437 639 2521 tiam,
685 2457 970 2504 amorem
1020 2457 1101 2504 ex
1146 2440 1263 2504 deo
1310 2458 1714 2521 suspensum,
1759 2438 2070 2517 τετάχθαι
2115 2436 2185 2502 δὲ
2230 2438 2339 2501 καὶ
2380 2439 2533 2514 τοὺς
2560 2437 2816 2522 λεγομέ-

455 2563 604 2617 νους
663 2537 968 2616 δικαστὰς
1017 2551 1144 2605 τῶν
1199 2551 1459 2625 ψυχῶν,
1519 2539 1770 2618 παῖδας
1824 2551 1938 2605 τοῦ
1978 2542 2142 2605 θεοῦ
2158 2592 2171 2617 ,
2230 2544 2413 2606 Μίνω
2458 2541 2567 2606 καὶ
2607 2539 2818 2606 Ῥαδά-

457 2645 731 2724 μανθυν,
776 2642 943 2729 πρὸς
1003 2646 1111 2719 οὓς
1172 2643 1243 2706 οὗ
1303 2642 1860 2732 ὄικασθησόμενον
1918 2643 2220 2725 οἴχεσθαι
2281 2644 2444 2731 (scil.
2489 2644 2598 2709 τὸν
2639 2643 2819 2708 Πλω-

457 2746 673 2831 τῖνον),
720 2746 1134 2828 συνεσόμενον
1180 2745 1250 2810 δὲ
1291 2748 1556 2831 τούτοις,
1602 2742 1699 2821 οἷς
1743 2746 1854 2810 καὶ
1899 2746 1961 2810 οἱ
2003 2744 2191 2810 ἄλλοι
2234 2745 2386 2810 θεοὶ
2429 2744 2701 2831 ἄριστοι.

633 2850 798 2916 Tres
841 2849 1089 2916 iudices
1135 2849 1206 2915 in
1248 2851 1588 2916 beatorum
1630 2849 1865 2915 insulis
1923 2854 2078 2915 sunt
2137 2849 2456 2932 collocati,
2515 2851 2599 2915 ad
2657 2868 2817 2930 quos

458 2952 764 3018 Plotinus
810 2952 1129 3034 pervenit,
1172 2971 1302 3018 non
1347 2956 1423 3017 ut
1467 2955 1546 3018 de
1592 2971 1666 3017 eo
1711 2951 1934 3018 ferant
1977 2952 2390 3035 sententiam,
2435 2953 2552 3017 sed
2580 2957 2654 3016 ut
2684 2971 2818 3017 una

460 3074 606 3120 cum
651 3055 736 3121 iis
781 3074 1031 3121 summa
1074 3054 1397 3147 felicitate
1443 3054 1724 3121 fruatur.
1748 3055 1798 3140 ³³)

633 3241 854 3308 Minus
901 3246 1062 3324 apta
1092 3241 1342 3325 deinde,
1387 3241 1622 3322 quibus
1665 3259 1903 3307 novum
1937 3241 2187 3322 aliquid
2216 3244 2622 3325 edoceamur,
2665 3248 2821 3307 sunt

460 3344 927 3426 Hippolyti
985 3344 1192 3410 verba
1251 3343 1421 3428 (Res.
1467 3362 1630 3409 omn.
1677 3344 1857 3408 haer.
1901 3344 1953 3427 I,
2000 3344 2081 3409 19
2125 3364 2186 3425 p.
2232 3345 2317 3409 34
2362 3345 2458 3409 ed.
2503 3344 2820 3409 Duncker

463 3451 532 3512 et
569 3445 1002 3531 Schneidew.)
1021 3447 1104 3529 4):
1160 3444 1223 3509 οἱ
1254 3444 1324 3509 δὲ
1366 3443 1815 3530 (Πλατωνικοὶ)
1847 3443 2174 3508 ἀθάνατον
2203 3444 2390 3529 αὐτὴν
2421 3444 2552 3530 (τὴν
2589 3444 2818 3530 ψυχὴν)

462 3542 626 3612 εἶναι
668 3547 955 3632 λέγοντες
1010 3547 1287 3629 μάλιστα
1332 3545 1595 3623 ἐκείνοις
1640 3546 2086 3630 ἰσχυρίζονται,
2155 3544 2270 3632 (ἐν)
2318 3546 2495 3623 ὅσοις
2538 3547 2646 3610 καὶ
2687 3552 2820 3633 κρί-

464 3671 601 3726 σεις
643 3652 842 3736 φησὶν
884 3645 1048 3714 εἶναι
1074 3649 1234 3731 μετὰ
1276 3648 1560 3734 τελευτὴν
1602 3649 1712 3713 καὶ
1758 3644 1822 3713 ἓν
1864 3646 2082 3713 Ἅιδου
2128 3648 2504 3734 δικαστήρια
2547 3648 2659 3712 καὶ
2697 3649 2812 3726 τὰς

639 3821 678 3889 ¹)
713 3822 750 3875 1.
778 3839 818 3876 c.
845 3838 898 3889 p.
922 3821 1055 3875 532:
1094 3821 1227 3889 „Die
1251 3820 1639 3889 Abstimmung
1663 3820 1901 3889 geschah
1935 3819 1995 3875 in
2019 3821 2114 3875 der
2137 3819 2466 3875 Rednerzeit
2499 3819 2603 3874 mit
2625 3821 2819 3889 ψῆφοι,

463 3908 766 3961 bronzenen
801 3906 1077 3975 Scheiben‚
1114 3907 1319 3960 welche
1354 3905 1498 3961 dann
1535 3906 1593 3960 in
1630 3906 1750 3960 eine
1785 3906 1934 3960 Urne
1969 3906 2162 3975 gelegt
2196 3906 2471 3960 wurden“.

637 3991 679 4061 ἱ3)
715 3992 967 4047 Ceterum
991 3991 1191 4060 optime
1217 3993 1452 4059 quadrat
1475 3993 1545 4045 ad
1562 3992 1660 4045 has
1684 3991 1961 4059 opiniones
1986 3991 2371 4060 explanandas,
2398 4006 2724 4058 quamquam
2742 3989 2821 4044 ibi

464 4076 532 4130 de
554 4075 669 4145 ipso
704 4077 901 4132 iudicio
925 4093 1032 4131 non
1056 4077 1258 4146 agitur,
1296 4078 1438 4132 alter
1460 4075 1883 4144 Necyomantiae
1905 4076 2053 4130 locus
2078 4092 2121 4129 c.
2149 4076 2230 4145 19,
2266 4076 2362 4130 ubi
2381 4080 2501 4130 tota
2524 4074 2820 4129 Athenien-

464 4161 607 4217 sium
641 4163 865 4217 ecclesia
899 4163 1171 4217 translata
1205 4167 1289 4217 est
1323 4163 1393 4216 ad
1428 4161 1644 4216 inferos.

640 4248 679 4317 3)
715 4248 855 4303 Vide
888 4248 1118 4302 Luciani
1152 4249 1365 4316 Catapl.
1401 4248 1437 4301 l.
1475 4263 1545 4302 s.:
1585 4289 1597 4301 .
1637 4289 1648 4300 .
1685 4243 1859 4296 ἄπιθι
1894 4246 1944 4297 ἐς
1978 4243 2075 4297 τοὶς
2111 4243 2402 4314 Μακάρων
2448 4245 2641 4308 νήσους
2675 4256 2818 4297 τοῖς

469 4329 786 4401 ἀρίστοις
821 4331 1310 4399 συνεσόμενος.
1381 4333 1521 4388 Vide
1555 4331 1723 4387 etiam
1761 4330 2008 4385 Platonis
2043 4330 2198 4397 Apol.
2234 4346 2286 4397 p.
2323 4329 2454 4383 41A
2490 4345 2568 4397 sq.
2677 4327 2687 4340 ⁸

638 4417 682 4485 4)
716 4417 857 4472 Vide
891 4418 1162 4472 Dielsium
1197 4420 1433 4487 Doxogr.
1471 4434 1554 4486 gr.
1594 4435 1646 4486 p.
1681 4416 1800 4486 568,
1840 4415 1920 4471 15.

572 4517 1206 4573 Religionsgeschichtliche
1230 4518 1471 4574 Versuche
1499 4530 1549 4562 u.
1578 4517 1902 4562 voi-arbeiten
1941 4516 2004 4561 11.
2446 4498 2481 4553 5
