3475 5118
682 370 764 435 74
927 349 932 353 ’
1743 364 1806 418 L.
1840 363 1990 418 num
2925 360 3034 448 [42

680 539 927 622 campis
971 539 1040 604 in
1086 536 1580 603 Rhadamanthi
1622 555 1825 620 regno
1871 540 2192 604 versatur.
2265 535 2461 601 Illum
2504 533 2715 616 igitur
2755 531 3038 598 iudicem

681 643 996 709 collocare
1024 640 1289 709 videtur
1332 644 1526 722 poeta
1558 638 1831 705 Tartari
1873 639 2093 704 nescio
2141 657 2265 719 quo
2310 640 2467 721 loco,
2494 638 2669 704 hunc
2697 638 3038 702 beatorum

680 745 844 812 facit
873 746 1058 811 sedes
1088 748 1440 809 tenentem.
1499 742 1592 807 Et
1621 742 1690 808 in
1717 742 1988 825 Dionys,
2033 741 2317 825 XXVII,
2364 742 2446 807 75
2492 760 2626 822 sqq.
2697 739 3038 822 Deriades,

678 848 1016 932 Hydaspis
1073 846 1265 930 1111115,
1325 846 1569 911 milites
1627 846 2033 929 exhortatur,
2093 849 2168 910 ut
2211 863 2415 926 aeque
2461 848 2658 924 atque
2701 843 2846 925 ipse
2891 860 3038 908 con-

678 954 979 1017 temnant
1024 950 1420 1017 Graecorum
1465 950 1617 1014 deos
1664 952 1732 1014 et
1776 947 2038 1014 heroes:

942 1085 1054 1150 καὶ
1095 1086 1367 1170 θρασύν,
1415 1085 1489 1149 ὃν
1529 1084 1868 1148 καλέουσιν
1912 1083 2208 1167 ὁμόγνιον
2252 1079 2415 1164 αἶμα
2457 1084 2707 1147 Λυαίου

943 1187 1191 1253 Αἰακὸν
1236 1187 1558 1271 οὗρανίοιο
1602 1185 1762 1262 Διὸς
1803 1186 2136 1273 βλάστημα
2176 1194 2401 1271 τοκῆος
2456 1196 2461 1202 ’

937 1300 1089 1379 Ζῆνι
1131 1292 1537 1373 καταχθονίῳ
1588 1288 1999 1373 δεδαϊγμένον
2029 1287 2185 1353 Ἄϊδι
2227 1293 2479 1374 πέμψω
2497 1308 2513 1324 ·

835 1716 904 1770 82
949 1702 1006 1768 εἰ
1050 1701 1120 1768 δὲ
1162 1703 1528 1784 θεμιστεύει
1571 1701 1683 1765 καὶ
1726 1700 1795 1766 ἓν
1836 1699 2008 1785 Ἄϊδι,
2051 1704 2148 1779 τίς
2190 1700 2440 1785 φθόνος
2482 1697 2714 1784 Ἰνδοῖς,

947 1804 1187 1881 Αἰακὸς
1231 1804 1288 1869 εἰ
1331 1807 1741 1890 φθιμένοισιν
1787 1802 2118 1883 δικάζεται
2130 1827 2154 1877 ,·
2196 1799 2273 1885 ἢν
2317 1801 2607 1888 ἐθελήσῃ,

954 1911 1280 1996 κοιρανίην
1319 1910 1557 1973 νεκύων
1599 1906 1794 1986 ἐχέτω
1838 1907 1950 1970 καὶ
1995 1915 2285 1992 σκῆπτρα
2327 1908 2666 1992 βερέθρου.

856 2047 1127 2113 Homeri
1167 2046 1356 2112 nobis
1402 2046 1472 2111 in
1513 2050 1797 2111 mentem
1827 2044 2015 2113 venit
2057 2045 2223 2110 illud
2252 2045 2714 2125 θεμιστεύοντα
2757 2045 3044 2107 νέκυσσιν

685 2152 854 2232 quod
900 2155 1164 2216 secutus
1194 2150 1464 2215 Nonnus
1510 2149 1794 2214 Minoem
1838 2149 1987 2215 vult
2029 2166 2333 2230 regere
2376 2148 2549 2229 apud
2587 2145 2853 2230 inferOS,
2898 2165 3038 2211 cum

603 2249 611 2255 ’
684 2255 944 2319 Aeacus
1018 2251 1469 2318 defunctorum
1527 2250 1849 2318 tribunali
1912 2251 2290 2333 praefectus
2340 2252 2422 2316 de
2465 2251 2661 2316 rebus
2726 2249 2795 2314 in
2861 2255 3045 2315 terra

686 2356 856 2422 male
897 2355 1095 2422 factis
1139 2355 1454 2421 instituat
1500 2355 1936 2435 quaestiones.

858 2458 1084 2524 Finito
1117 2458 1252 2523 iam
1279 2459 1403 2523 hoc
1431 2462 1780 2539 conspectu
1810 2476 1939 2523 non
1969 2456 2213 2541 dubit0,
2244 2455 2403 2537 quin
2432 2455 2591 2521 mihi
2622 2454 2882 2524 veniam
2911 2455 3044 2537 deS,

687 2564 859 2643 quod
925 2562 1154 2628 ordine
1211 2566 1572 2643 temporum
1634 2565 1893 2627 tantum
1951 2561 2296 2628 observato
2340 2558 2495 2626 inde
2552 2579 2594 2626 a
2651 2558 3044 2626 Graecorum

690 2664 903 2746 poetis
949 2663 1267 2731 scaenicis
1308 2663 1681 2746 collegerim
1712 2665 1880 2729 haec
1922 2663 2315 2729 testimonia.
2403 2663 2572 2728 Nam
2617 2662 2797 2728 intra
2840 2666 3045 2727 totam

691 2766 926 2833 seriem
970 2769 1153 2834 modo
1198 2768 1540 2850 prolatam,
1584 2771 1660 2832 ut
1689 2765 1902 2832 simile
1931 2785 2103 2831 nunc
2146 2765 2459 2831 iudicium
2503 2772 2704 2847 atque
2733 2782 2937 2846 supra
2966 2765 3045 2829 de

691 2871 968 2937 Platone
999 2870 1270 2951 eiusque
1299 2869 1743 2936 imitatoribus
1772 2868 2197 2935 instituamus
2229 2888 2265 2934 6
2295 2869 2685 2952 cognitione,
2732 2868 3045 2949 quomodo

693 2993 777 3040 ex
815 2973 944 3040 alio
974 2974 1146 3039 alius
1177 2975 1545 3055 dependeat
1569 2978 1638 3039 et
1667 2972 2002 3054 opiniones
2034 2974 2118 3038 ab
2144 2991 2217 3039 eo
2241 2977 2542 3054 receptas
2573 2990 2741 3039 novo
2769 2972 3047 3052 quodam

691 3078 877 3142 modo
908 3076 1300 3159 figuraverit
1332 3080 1401 3141 et
1429 3076 1804 3159 excoluerit,
1847 3075 2112 3141 minime
2142 3075 2288 3142 fieri
2316 3080 2554 3156 potest.
2621 3075 2846 3156 Neque
2877 3073 3049 3140 enim

693 3180 872 3245 inter
915 3196 984 3245 se
1030 3178 1449 3244 consentiunt
1492 3181 1812 3261 auctoreS,
1857 3197 2001 3244 cum
2045 3183 2163 3244 aut
2206 3180 2396 3244 deum
2439 3197 2569 3244 non
2626 3176 3046 3259 nominatum,

694 3286 812 3347 aut
855 3281 1156 3365 Minoem,
1200 3286 1317 3347 aut
1344 3281 1935 3364 Rhadamanthum,
1979 3282 2090 3348 vel
2121 3285 2470 3363 utrumque
2499 3281 2748 3347 iudices
2779 3298 3047 3346 comme-

694 3388 965 3456 morent,
999 3389 1074 3450 ut
1103 3383 1400 3450 omittam
1444 3384 1750 3468 Aeacum,
1797 3385 1877 3450 de
1909 3403 2034 3465 quo
2076 3383 2252 3450 infra
2297 3403 2587 3450 seorsum
2617 3403 2718 3450 me
2751 3383 3048 3466 disputa-

694 3493 917 3553 turum
962 3506 1106 3554 esse
1134 3487 1466 3569 pollicitus
1512 3506 1670 3552 sum.
1759 3487 2056 3569 Accedit,
2101 3490 2273 3568 quod
2330 3488 2508 3553 nullo
2553 3486 2815 3569 auxili0,
2875 3486 2934 3552 si
2977 3486 3047 3551 in

697 3610 836 3657 rem
879 3590 1093 3672 ipsam
1141 3589 1514 3657 accuratius
1559 3590 2035 3673 investigaturi
2081 3609 2320 3673 sumuS,
2363 3608 2575 3671 neque
2619 3589 3049 3672 posteriorum

701 3694 1188 3759 commentariis
1233 3712 1445 3774 neque
1489 3694 1781 3762 vasculis
1824 3693 2025 3776 pictis
2072 3693 2483 3760 adiuvamur.
