3475 5118
649 428 732 492 86
1707 424 1771 478 L.
1807 425 1959 479 Runl
2900 427 3011 513 [54

1059 575 1368 678 disponis,
1414 595 1571 662 addi
1617 596 1676 661 si
1722 596 1882 677 quid
1932 599 2019 662 ad
2063 615 2310 678 poenas
2355 602 2575 678 potest

1060 701 1231 779 quod
1276 698 1417 779 ipse
1466 703 1685 764 custos
1731 699 2021 765 carceris
2071 699 2200 764 diri
2237 701 2503 765 horreat
2548 752 2561 766 .
2608 752 2621 766 .
2670 753 2683 765 .

694 837 756 885 v.
801 818 1024 899 22s23:
1074 868 1087 884 .
1132 869 1146 883 .
1195 870 1208 882 .
1252 836 1583 899 nunquam
1629 823 1854 884 stante
1898 819 2192 900 Pelopea
2237 821 2419 885 domo

1251 919 1464 985 Minos
1509 920 1802 986 vacabit.

1060 1023 1300 1088 Herc.
1345 1022 1517 1089 Oet.
1562 1024 1687 1089 932
1735 1043 1876 1104 sqq.

681 1141 1027 1208 Nutrix:
1070 1142 1372 1207 Defende
1416 1143 1650 1208 saltem
1698 1146 2061 1225 dexteram,
2107 1142 2356 1218 infelix,
2403 1149 2587 1209 tuam

1067 1244 1448 1326 fraudisque
1492 1245 1751 1311 facinus
1799 1265 1961 1328 esse,
2006 1265 2135 1312 non
2181 1252 2447 1329 nuptae,
2493 1247 2680 1313 sciat.

823 1363 1023 1430 Dei.:
1069 1364 1405 1430 Defendar
1449 1364 1618 1430 illic:
1663 1365 1861 1430 inferi
1910 1366 2262 1432 absolvent
2304 1386 2502 1450 ream,
2527 1416 2542 1426 .

1065 1486 1105 1533 a
1148 1486 1251 1532 me
1297 1467 1444 1548 ipsa
1491 1471 1792 1549 damnor3
1854 1474 2099 1552 purget
2141 1470 2264 1534 has
2309 1471 2548 1535 Pluton
2595 1489 2829 1535 manus
2875 1521 2890 1535 .
2937 1522 2951 1535 .
3003 1521 3016 1534 .

866 1587 1032 1652 1005
1076 1638 1090 1652 .
1136 1639 1149 1651 .
1192 1639 1206 1653 .
1251 1587 1425 1669 Quid
1469 1606 1571 1653 me
1617 1587 1934 1670 flagranti
1982 1588 2130 1653 dira
2174 1581 2590 1671 persequeris
2633 1589 2799 1665 face,

1066 1690 1428 1771 Megaera?
1515 1691 1772 1756 Poenas
1826 1691 2043 1772 poscis
2092 1691 2422 1757 Alcidae?
2511 1693 2701 1758 Dabo

1068 1792 1285 1856 iamne
1330 1792 1701 1876 inferorum,
1750 1793 1915 1876 dira,
1963 1796 2193 1860 sedere
2240 1794 2528 1860 arbitri?

1070 1897 1186 1960 sed
1232 1913 1382 1960 ecce
1424 1895 1604 1960 diras
1649 1896 1936 1961 carceris
1983 1896 2177 1962 video
2223 1896 2402 1962 foras
2448 1949 2460 1962 .
2510 1948 2522 1961 .
2568 1949 2581 1962 .

856 2015 1022 2081 1012
1069 2066 1083 2079 .
1127 2067 1140 2081 .
1188 2067 1201 2079 .
1245 2014 1354 2080 hic
1399 2034 1547 2081 ecce
1593 2015 1850 2096 pallens
1894 2015 2252 2097 Tisiphone
2297 2016 2505 2098 stetit,

982 2122 988 2128 '
1077 2137 1342 2183 causam
1387 2118 1689 2200 reposcit,
1734 2138 1933 2200 parce
1977 2119 2368 2184 verberibus
2413 2139 2661 2201 precor,

1069 2221 1385 2304 Megaera
1430 2241 1645 2305 parce,
1691 2222 1954 2286 sustine
1991 2221 2264 2305 Stygias
2310 2221 2523 2288 faces:

1073 2325 1286 2389 scelus
1333 2328 1437 2388 est
1483 2324 1723 2390 amoris
1772 2376 1785 2390 .
1833 2377 1847 2390 .
1893 2377 1907 2391 .
1953 2378 1966 2390 .

835 2445 915 2509 In
970 2444 1073 2509 his
1135 2445 1469 2526 quaesitor
1513 2444 1816 2528 Gnosius,
1877 2446 1990 2526 qui
2037 2465 2268 2510 urnam
2314 2450 2552 2527 movet,
2613 2445 2779 2511 satis
2823 2450 3018 2511 notus

667 2553 770 2615 est
812 2568 848 2615 e
894 2547 1187 2632 Vergilio
1244 2552 1317 2613 et
1359 2548 1722 2630 PropertiO,
1784 2548 1943 2614 item
2009 2548 2411 2630 Tisiphonen
2473 2568 2736 2615 causam
2796 2568 3018 2630 repos-

667 2657 920 2717 centem
965 2655 1034 2716 et
1076 2652 1455 2733 Megaeram
1498 2670 1698 2732 reum,
1745 2656 1821 2717 ut
1867 2652 2088 2717 edicat
2131 2670 2375 2734 verum,
2429 2653 2889 2718 verberantem
2933 2655 3020 2717 ad

666 2754 907 2820 Furias
952 2773 1150 2835 supra
1212 2759 1743 2820 commemoratas
1802 2757 2135 2819 addamus
2221 2753 2481 2819 Iudices
2543 2759 2761 2820 autem
2808 2754 3022 2819 Minos

666 2858 1206 2923 Rhadamanthus
1238 2858 1494 2923 Aeacus
1526 2857 1857 2941 (Thetidis
1889 2859 2093 2942 socer)
2125 2857 2563 2940 nominantur,
2596 2858 2706 2938 qui
2741 2858 3021 2923 scelera-

669 2961 995 3027 tissimum
1032 2979 1346 3041 quemque
1394 2963 1562 3041 quod
1608 2963 1784 3041 apud
1837 2979 2107 3041 superos
2152 2959 2330 3042 fecit,
2377 2964 2617 3042 cogunt
2660 2959 2804 3041 pati
2849 2962 3025 3041 apud

670 3063 931 3129 inferos,
976 3063 1103 3129 Sed
1149 3063 1262 3145 015,
1309 3063 1419 3144 qui
1465 3082 1535 3128 se
1582 3063 1875 3146 integros
1922 3067 2359 3129 servaverunt
2390 3081 2602 3145 neque
2648 3063 2838 3128 abusi
2870 3067 3023 3128 sunt

669 3166 816 3232 vita
838 3165 1164 3248 flagitiose
1186 3166 1295 3231 vel
1319 3168 1405 3230 ad
1436 3166 1688 3230 caelum
1712 3166 1822 3231 vel
1846 3168 1932 3230 ad
1963 3166 2142 3230 laeta
2166 3165 2382 3246 Elysii
2412 3167 2557 3230 loca
2582 3165 2801 3231 facilis
2833 3170 3023 3247 patet

671 3267 804 3350 via,
834 3267 1177 3333 ‘iudicibus
1223 3266 1500 3348 futuris',
1546 3272 1620 3332 ut
1657 3268 1757 3332 ait
1802 3268 2068 3350 Seneca,
2115 3267 2272 3348 quia
2303 3268 2432 3348 ipsi
2465 3268 2648 3351 digni
2711 3273 2882 3351 sunt,
2911 3267 3026 3349 qui

671 3370 777 3437 vel
821 3369 947 3434 tali
964 3369 1202 3435 honore
1249 3374 1636 3451 augeantur.
1718 3369 1960 3434 Statim
2005 3370 2502 3435 reminiscamur
2547 3371 2866 3454 PlatoniS,
2912 3370 3024 3451 qui

672 3473 919 3554 primus
967 3472 1282 3538 eiusmodi
1312 3471 1649 3553 opiniones
1680 3473 2050 3553 protulerat
2088 3472 2296 3556 (Apol.
2329 3493 2388 3553 p.
2419 3475 2501 3537 41
2529 3473 2613 3556 Α)
2648 3478 2715 3538 01
2744 3472 3026 3538 Luciani

675 3575 787 3657 qui
832 3575 1191 3657 posteriore
1236 3579 1460 3640 aetate
1507 3578 1587 3640 de
1625 3575 2119 3640 Rhadamanthi
2163 3575 2357 3639 iustis
2405 3575 2847 3640 assessoribus
2893 3575 3024 3640 dis-

674 3678 943 3760 putavit
1005 3679 1169 3762 (Ver.
1214 3678 1275 3743 h.
1339 3698 1389 3743 0.
1439 3677 1559 3762 10).
1669 3678 1986 3743 Fortasse
2046 3677 2294 3743 Seneca
2362 3681 2441 3743 de
2500 3679 2780 3743 Plutone
2845 3697 3025 3743 ream

676 3781 1067 3847 absolvente
1112 3780 1435 3863 cogitavit
1479 3799 1622 3845 cum
1667 3779 1919 3845 diceret
1967 3781 2183 3864 (Herc.
2216 3780 2355 3846 Oet.
2387 3781 2568 3863 935):
2615 3783 2873 3863 ‘purget
2901 3781 3027 3845 has

674 3884 915 3948 Pluton
958 3883 1224 3965 manus',
1270 3884 1386 3947 sed
1430 3901 1536 3948 res
1567 3887 1671 3948 est
1716 3882 1935 3964 dubia,
1982 3901 2127 3947 cum
2172 3883 2301 3948 alio
2348 3884 2487 3948 1000
2518 3901 2836 3964 nusquam
2871 3883 3026 3948 Plu-

674 3986 815 4052 toni
859 3986 998 4050 tale
1041 4004 1275 4050 munus
1322 3984 1708 4051 attribuerit
1769 3990 1965 4066 poeta
2015 3991 2082 4051 et
2125 3987 2247 4051 hoc
2291 3985 2359 4050 in
2404 4005 2603 4052 versu
2647 3986 3026 4068 significare

677 4088 933 4171 possint
975 4088 1212 4154 verba:
1275 4089 1467 4169 ‘apud
1525 4087 1773 4153 inferos
1838 4107 2005 4168 pura
2058 4088 2397 4154 lavatione
2460 4108 2500 4153 a
2559 4089 2740 4154 necis
2806 4092 3029 4153 conta-

677 4190 1033 4257 minatione
1077 4191 1442 4272 purgabor’.

848 4295 1100 4376 Restat,
1159 4298 1234 4358 ut
1291 4293 1592 4359 ultimum
1653 4293 1942 4358 Senecae
2001 4292 2446 4359 testimonium
2505 4292 2932 4358 adhibeamus
2993 4311 3031 4358 e

679 4397 864 4463 Ludo
926 4399 1007 4463 de
1050 4401 1257 4461 morte
1319 4395 1578 4461 Claudii
1645 4396 1927 4477 petitum
1989 4415 2040 4460 0.
2113 4396 2309 4460 XIV:
2384 4397 2768 4476 ‘Imperator
2840 4395 3031 4477 enim,
