3475 5118
610 406 693 472 88
1659 402 1722 456 L.
1758 402 1907 457 Ruhl
2859 400 2969 488 [56

1123 573 1265 655 qui
1327 575 1473 639 dat
1531 573 1838 654 populo
1880 572 2075 638 iura
2119 571 2426 638 silenti

1124 677 1487 743 Cretaea
1543 681 1848 742 tenens
1895 674 2207 756 oppida
2263 679 2614 740 centum.

781 832 969 897 Nunc
1030 830 1230 897 etiam
1289 830 1519 897 melius
1586 830 2048 914 intellegemus
2107 829 2224 894 illa
2281 830 2491 896 verba
2535 848 2704 914 cap.
2771 829 2964 895 XIV:

616 934 913 1000 “Aeacus
958 985 973 999 .
1019 986 1033 999 .
1077 938 1271 1000 vetat
1316 986 1330 998 .
1376 985 1390 999 .
1436 938 1506 998 et
1549 933 1732 998 illum
1795 932 2081 999 altera
2125 935 2459 997 tantum
2505 936 2754 1013 parte
2822 950 2965 998 au-

612 1037 796 1103 dita
858 1039 1248 1102 condemnat
1294 1040 1362 1102 et
1406 1036 1534 1101 ait:
1575 1033 1666 1098 A'c'
1703 1056 1775 1097 κε
1817 1034 2086 1100 πάθοι.“

781 1225 1081 1291 Inseram
1149 1225 1270 1289 hoc
1344 1224 1481 1290 loco
1548 1221 1988 1289 Valerium
2042 1221 2468 1304 Flaccum,
2534 1222 2694 1288 licet
2752 1222 2968 1288 minus

612 1346 920 1409 expresse
968 1345 1163 1408 quam
1196 1325 1402 1391 ceteri
1448 1328 1527 1391 de
1572 1324 1816 1391 iudicio
1860 1324 2156 1389 homines
2187 1329 2336 1405 post
2380 1328 2653 1389 mortem
2699 1343 2966 1405 exspec-

610 1434 803 1495 tante
863 1427 1269 1495 disseruerit.
1372 1428 1971 1511 Argonauticorum
2032 1426 2203 1492 enim
2260 1426 2430 1492 libro
2473 1426 2676 1491 tertio
2718 1425 2872 1492 inde
2925 1445 2967 1491 a

612 1551 673 1600 v.
732 1533 858 1597 378
919 1533 1185 1612 Mopsus
1254 1529 1619 1596 animarum
1688 1535 1840 1612 post
1882 1529 2092 1596 vitam
2153 1528 2567 1595 condiciones
2627 1528 2970 1594 exorditur

613 1653 952 1715 exponere,
998 1632 1300 1699 imitatus
1343 1632 1627 1717 Vergilii
1685 1633 1850 1697 Aen.
1910 1632 2023 1715 VI,
2091 1633 2217 1697 724
2277 1651 2435 1715 sqq.,
2482 1631 2597 1697 ubi
2641 1631 2967 1696 Anchises

614 1739 791 1817 apud
849 1735 1095 1802 inferos
1153 1735 1397 1801 similia
1443 1739 1673 1801 edocet
1715 1735 1939 1801 filium.
2026 1735 2105 1799 In
2159 1734 2264 1800 his
2324 1734 2634 1800 Valerius
2698 1738 2970 1815 praeter

611 1837 983 1921 Vergilium
1038 1836 1399 1903 Stoicorum
1446 1841 1527 1903 de
1586 1837 1825 1903 animis
1884 1842 2242 1919 praecepta
2300 1836 2598 1918 respexit
2614 1886 2629 1916 ,
2689 1835 2968 1917 denique

612 1941 926 2007 nonnulla
970 1939 1155 2022 ipse
1202 1939 1477 2023 addidit,
1522 1939 1844 2021 imprimis
1888 1958 1947 2006 v.
1993 1940 2119 2006 383
2164 1959 2332 2021 sqq.:
2357 1939 2407 2024 ¹)

859 2130 874 2144 .
919 2126 939 2143 .
983 2096 1105 2144 nec
1150 2078 1219 2143 in
1263 2082 1496 2146 ventos
1541 2097 1663 2144 nec
1708 2078 1778 2143 in
1823 2076 2059 2143 ultima
2104 2077 2417 2143 solvimur
2460 2095 2642 2157 ossa3

859 2180 964 2245 ira
1007 2185 1248 2263 manet,
1295 2184 1620 2262 duratque
1667 2182 1863 2247 dolor.
1910 2199 2055 2246 cum
2102 2179 2336 2245 deinde
2382 2179 2707 2245 tremendi

711 2293 815 2347 385
861 2285 949 2348 ad
990 2282 1222 2348 solium
1265 2302 1507 2350 venere
1551 2283 1728 2350 Iovis
1776 2288 2140 2365 questuque
2182 2281 2538 2348 nefandam

863 2387 1178 2450 edocuere
1220 2405 1461 2468 necem,
1506 2391 1696 2467 patet
1742 2386 1890 2452 ollis
1935 2385 2139 2451 ianua
2182 2384 2303 2451 leti

863 2491 1065 2569 atque
1095 2487 1335 2553 iterum
1358 2507 1653 2555 remeare
1681 2489 1872 2572 licet;
1904 2507 2115 2555 comes
2138 2508 2271 2554 una
2295 2485 2608 2573 sororum}
2626 2484 2893 2552 additur
2915 2535 2929 2549 .
2955 2534 2974 2550 .

786 2661 920 2726 Res
966 2665 1070 2726 est
1116 2663 1197 2727 de
1240 2680 1466 2744 pugna
1510 2662 1856 2728 commissa
1900 2662 2077 2728 inter
2120 2662 2385 2745 Minyas
2431 2665 2501 2727 et
2544 2663 2970 2743 Argonautas

615 2763 914 2844 utrisque
946 2762 1197 2831 invitis,
1243 2763 1528 2847 Quorum
1559 2764 1673 2846 qui
1702 2764 2041 2831 interfecti
2074 2769 2246 2847 sunt,
2279 2767 2365 2830 ad
2394 2765 2429 2829 I
2447 2764 2631 2831 ovis
2662 2762 2970 2847 Stygii,

616 2870 692 2930 ut
736 2871 1019 2947 apparet
1063 2886 1099 2932 e
1142 2886 1342 2933 versu
1385 2868 1528 2951 398,
1587 2868 1986 2949 perveniunt
2043 2867 2340 2933 tribunal
2400 2872 2468 2932 et
2512 2866 2612 2932 illi
2670 2870 2970 2948 narrant,

619 2987 743 3049 quo
788 2968 929 3034 fato
958 2969 1182 3035 necati
1227 2969 1378 3035 sint.
1452 2970 1754 3052 Iuppiter
1785 2970 2038 3053 deinde,
2082 2975 2159 3036 ut
2188 2973 2467 3036 redeant
2498 2969 2593 3035 eis
2624 2967 2970 3050 permittit.

618 3068 805 3151 Quod
836 3075 1054 3136 autem
1087 3070 1344 3137 animas
1373 3090 1597 3138 necem
1645 3075 1916 3139 edocere
1947 3072 1988 3137 i.
2019 3092 2072 3138 e.
2104 3071 2590 3138 accusationem
2637 3073 2968 3152 quandam

616 3170 914 3252 proferre
946 3172 1247 3239 audimus
1292 3179 1361 3239 et
1389 3193 1430 3239 a
1459 3174 1618 3242 Iove
1661 3174 1914 3241 remitti
1958 3174 2028 3240 in
2070 3179 2338 3257 terram,
2382 3179 2460 3239 ut
2503 3173 2765 3238 Furia
2808 3191 2970 3238 una

617 3273 1085 3340 comitante
1161 3278 1542 3342 daemonum
1622 3279 1807 3343 modo
1873 3282 2197 3359 sonteS,
2271 3276 2313 3341 i.
2377 3296 2429 3342 e.
2509 3275 2969 3342 interfectores

617 3374 957 3457 implicent
1021 3377 1266 3462 poenis,
1332 3380 1716 3446 concludere
1780 3379 2010 3445 licebit
2069 3399 2110 3444 a
2177 3380 2334 3446 Iove
2393 3378 2628 3444 iudicis
2701 3397 2970 3444 munere

617 3483 848 3544 ornato
879 3499 993 3546 eas
1038 3480 1405 3546 examinari
1449 3481 1565 3565 ita,
1609 3486 1685 3548 ut
1728 3482 1993 3563 saepius
2037 3481 2168 3547 iam
2212 3480 2515 3548 vidimus.
2603 3481 2733 3547 Sed
2776 3481 2969 3562 plura

619 3588 1011 3661 quaerentes
1056 3583 1441 3664 reperiendo
1489 3585 1923 3651 destituimur.
1933 3584 1984 3670 2)

790 3787 1018 3868 Aeque
1079 3792 1277 3868 atque
1337 3790 1513 3869 apud
1557 3788 1896 3853 Valerium
1964 3791 2140 3869 apud
2200 3786 2502 3853 Silium
2562 3785 2970 3852 Italicum

618 3888 807 3972 (Pun.
849 3888 1042 3973 XIII,
1072 3889 1194 3956 601
1230 3889 1394 3975 sqq.)
1439 3890 1634 3955 Pluto
1679 3889 1822 3971 ipse
1868 3889 2263 3956 constitutus
2309 3893 2412 3955 est
2456 3888 2741 3956 arbiter:

794 4126 833 4195 ¹)
869 4127 955 4181 Sic
990 4126 1282 4196 Langen
1336 4126 1395 4180 in
1441 4128 1522 4183 ed.
1560 4128 1768 4197 Argon.
1816 4128 1882 4181 ab
1918 4127 2035 4195 ipso
2087 4142 2198 4182 cur.
2249 4133 2307 4183 et
2342 4143 2530 4181 comm.
2564 4125 2722 4181 instr.
2769 4141 2823 4194 p.
2870 4123 2971 4178 241

613 4211 784 4282 (Berl.
821 4211 973 4266 Stud.
1011 4228 1112 4266 zur
1148 4213 1315 4267 111888.
1351 4212 1494 4266 Phil.
1531 4228 1584 4266 u.
1621 4212 1781 4267 Arch.
1818 4213 1863 4276 Ι,
1901 4212 2072 4281 1897).

792 4296 832 4366 ²)
870 4297 1008 4353 Vide
1044 4297 1211 4352 etiam
1235 4299 1281 4351 Τ
1298 4314 1377 4352 on
1391 4297 1558 4352 deru
1572 4315 1651 4367 m,
1689 4298 1793 4352 Die
1817 4298 2126 4353 Unterwelt
2160 4299 2298 4352 nach
2332 4298 2454 4353 Val.
2496 4297 2726 4351 Flaccus
2762 4296 2973 4364 (Progr-

612 4382 1097 4452 Bohmisch-Leipa
1132 4382 1286 4452 1880)
1311 4400 1363 4452 p.
1386 4383 1436 4436 5.
