<?xml version="1.0" encoding="UTF-8"?>
<!DOCTYPE html PUBLIC "-//W3C//DTD XHTML 1.0 Transitional//EN"
    "http://www.w3.org/TR/xhtml1/DTD/xhtml1-transitional.dtd">
<html xmlns="http://www.w3.org/1999/xhtml" xml:lang="en" lang="en">
 <head>
  <title>
</title>
<meta http-equiv="Content-Type" content="text/html;charset=utf-8" />
  <meta name='ocr-system' content='tesseract 3.04.00' />
  <meta name='ocr-capabilities' content='ocr_page ocr_carea ocr_par ocr_line ocrx_word'/>
</head>
<body>
  <div class='ocr_page' id='page_1' title='image "./demortuorumiudi00ruhlgoog_0032.png"; bbox 0 0 3475 5118; ppageno 0'>
   <div class='ocr_carea' id='block_1_1' title="bbox 627 413 2983 500">
    <p class='ocr_par' dir='ltr' id='par_1_1' title="bbox 627 413 2983 500">
     <span class='ocr_line' id='line_1_1' title="bbox 627 413 2983 500; baseline 0 -34"><span class='ocrx_word' id='word_1_1' title='bbox 627 418 712 484; x_wconf 79' lang='lat'>56</span> <span class='ocrx_word' id='word_1_2' title='bbox 1688 413 1750 466; x_wconf 88' lang='lat' dir='ltr'>L.</span> <span class='ocrx_word' id='word_1_3' title='bbox 1787 413 1935 466; x_wconf 79' lang='lat' dir='ltr'>Ruhl</span> <span class='ocrx_word' id='word_1_4' title='bbox 2874 413 2983 500; x_wconf 82' lang='lat'>[24</span> 
     </span>
    </p>
   </div>
   <div class='ocr_carea' id='block_1_2' title="bbox 627 583 2987 1587">
    <p class='ocr_par' dir='ltr' id='par_1_2' title="bbox 627 583 2987 1587">
     <span class='ocr_line' id='line_1_2' title="bbox 629 583 2981 669; baseline -0.001 -16"><span class='ocrx_word' id='word_1_5' title='bbox 629 591 748 654; x_wconf 89' lang='lat' dir='ltr'>est.</span> <span class='ocrx_word' id='word_1_6' title='bbox 867 587 1051 669; x_wconf 77' lang='lat' dir='ltr'>Quod</span> <span class='ocrx_word' id='word_1_7' title='bbox 1122 603 1361 652; x_wconf 91' lang='lat' dir='ltr'>novum</span> <span class='ocrx_word' id='word_1_8' title='bbox 1434 588 1632 664; x_wconf 88' lang='lat' dir='ltr'>atque</span> <span class='ocrx_word' id='word_1_9' title='bbox 1710 583 2006 665; x_wconf 84' lang='lat' dir='ltr'>ignotum</span> <span class='ocrx_word' id='word_1_10' title='bbox 2083 583 2294 648; x_wconf 88' lang='lat' dir='ltr'>adhuc</span> <span class='ocrx_word' id='word_1_11' title='bbox 2362 602 2570 665; x_wconf 85' lang='lat' dir='ltr'>genus</span> <span class='ocrx_word' id='word_1_12' title='bbox 2635 585 2981 665; x_wconf 87' lang='lat' dir='ltr'>torquendi</span> 
     </span>
     <span class='ocr_line' id='line_1_3' title="bbox 629 686 2983 769; baseline -0.001 -14"><span class='ocrx_word' id='word_1_13' title='bbox 629 696 926 756; x_wconf 86' lang='lat' dir='ltr'>exortum</span> <span class='ocrx_word' id='word_1_14' title='bbox 973 706 1117 754; x_wconf 90' lang='lat' dir='ltr'>esse</span> <span class='ocrx_word' id='word_1_15' title='bbox 1161 705 1547 769; x_wconf 87' lang='lat' dir='ltr'>persuasum</span> <span class='ocrx_word' id='word_1_16' title='bbox 1611 686 1824 752; x_wconf 91' lang='lat' dir='ltr'>habeo</span> <span class='ocrx_word' id='word_1_17' title='bbox 1869 705 1904 751; x_wconf 89' lang='lat' dir='ltr'>e</span> <span class='ocrx_word' id='word_1_18' title='bbox 1949 690 2175 752; x_wconf 84' lang='lat' dir='ltr'>vetere</span> <span class='ocrx_word' id='word_1_19' title='bbox 2220 686 2340 752; x_wconf 88' lang='lat' dir='ltr'>illa</span> <span class='ocrx_word' id='word_1_20' title='bbox 2384 686 2705 769; x_wconf 83' lang='lat' dir='ltr'>opinione,</span> <span class='ocrx_word' id='word_1_21' title='bbox 2751 688 2983 768; x_wconf 88' lang='lat' dir='ltr'>quaeri</span> 
     </span>
     <span class='ocr_line' id='line_1_4' title="bbox 627 787 2983 874; baseline -0.002 -16"><span class='ocrx_word' id='word_1_22' title='bbox 627 794 804 874; x_wconf 87' lang='lat' dir='ltr'>apud</span> <span class='ocrx_word' id='word_1_23' title='bbox 859 790 1103 856; x_wconf 88' lang='lat' dir='ltr'>inferos</span> <span class='ocrx_word' id='word_1_24' title='bbox 1163 808 1245 855; x_wconf 85' lang='lat' dir='ltr'>ex</span> <span class='ocrx_word' id='word_1_25' title='bbox 1303 790 1452 871; x_wconf 77' lang='lat' dir='ltr'>reiS,</span> <span class='ocrx_word' id='word_1_26' title='bbox 1528 807 1850 870; x_wconf 83' lang='lat' dir='ltr'>quaenam</span> <span class='ocrx_word' id='word_1_27' title='bbox 1910 787 2382 854; x_wconf 78' lang='lat' dir='ltr'><strong>commisissent</strong></span> <span class='ocrx_word' id='word_1_28' title='bbox 2451 791 2627 870; x_wconf 90' lang='lat' dir='ltr'>apud</span> <span class='ocrx_word' id='word_1_29' title='bbox 2693 808 2983 871; x_wconf 90' lang='lat' dir='ltr'>superos.</span> 
     </span>
     <span class='ocr_line' id='line_1_5' title="bbox 627 886 2984 973; baseline -0.001 -14"><span class='ocrx_word' id='word_1_30' title='bbox 627 895 864 960; x_wconf 87' lang='lat' dir='ltr'>Annon</span> <span class='ocrx_word' id='word_1_31' title='bbox 923 912 1082 959; x_wconf 86' lang='lat' dir='ltr'>voce</span> <span class='ocrx_word' id='word_1_32' title='bbox 1143 886 1537 972; x_wconf 74' lang='grc' dir='ltr'><strong><em>ἐξελεγχθείς</em></strong></span> <span class='ocrx_word' id='word_1_33' title='bbox 1616 891 1813 956; x_wconf 88' lang='lat' dir='ltr'>etiam</span> <span class='ocrx_word' id='word_1_34' title='bbox 1876 892 2289 973; x_wconf 82' lang='lat' dir='ltr'>adducimur,</span> <span class='ocrx_word' id='word_1_35' title='bbox 2356 897 2431 956; x_wconf 90' lang='lat' dir='ltr'>ut</span> <span class='ocrx_word' id='word_1_36' title='bbox 2481 910 2620 957; x_wconf 92' lang='lat' dir='ltr'>rem</span> <span class='ocrx_word' id='word_1_37' title='bbox 2680 910 2825 957; x_wconf 86' lang='lat' dir='ltr'>sese</span> <span class='ocrx_word' id='word_1_38' title='bbox 2883 892 2984 957; x_wconf 89' lang='lat' dir='ltr'>ita</span> 
     </span>
     <span class='ocr_line' id='line_1_6' title="bbox 627 991 2986 1076; baseline -0 -15"><span class='ocrx_word' id='word_1_39' title='bbox 627 992 871 1062; x_wconf 87' lang='lat' dir='ltr'>habere</span> <span class='ocrx_word' id='word_1_40' title='bbox 903 1000 1206 1076; x_wconf 91' lang='lat' dir='ltr'>putemus</span> <span class='ocrx_word' id='word_1_41' title='bbox 1227 993 1259 1058; x_wconf 72' lang='grc' dir='ltr'><em>Ῥ</em></span> <span class='ocrx_word' id='word_1_42' title='bbox 1302 995 1537 1074; x_wconf 88' lang='lat' dir='ltr'>Itaque</span> <span class='ocrx_word' id='word_1_43' title='bbox 1569 991 1697 1059; x_wconf 85' lang='lat' dir='ltr'>etsi</span> <span class='ocrx_word' id='word_1_44' title='bbox 1734 993 1986 1059; x_wconf 89' lang='lat' dir='ltr'>iudices</span> <span class='ocrx_word' id='word_1_45' title='bbox 2016 1012 2145 1059; x_wconf 91' lang='lat' dir='ltr'>non</span> <span class='ocrx_word' id='word_1_46' title='bbox 2176 997 2445 1059; x_wconf 86' lang='lat' dir='ltr'>exstant</span> <span class='ocrx_word' id='word_1_47' title='bbox 2472 1032 2558 1040; x_wconf 89' lang='lat'><em>-</em></span> <span class='ocrx_word' id='word_1_48' title='bbox 2586 995 2986 1060; x_wconf 90' lang='lat' dir='ltr'>Adrasteam</span> 
     </span>
     <span class='ocr_line' id='line_1_7' title="bbox 628 1095 2984 1178; baseline -0.001 -13"><span class='ocrx_word' id='word_1_49' title='bbox 628 1100 801 1164; x_wconf 91' lang='lat' dir='ltr'>enim</span> <span class='ocrx_word' id='word_1_50' title='bbox 831 1101 902 1165; x_wconf 90' lang='lat' dir='ltr'>et</span> <span class='ocrx_word' id='word_1_51' title='bbox 930 1097 1142 1162; x_wconf 87' lang='lat' dir='ltr'>Dicen</span> <span class='ocrx_word' id='word_1_52' title='bbox 1175 1102 1310 1173; x_wconf 89' lang='lat' dir='ltr'>aut,</span> <span class='ocrx_word' id='word_1_53' title='bbox 1360 1097 1474 1177; x_wconf 93' lang='lat' dir='ltr'>qui</span> <span class='ocrx_word' id='word_1_54' title='bbox 1504 1099 1748 1178; x_wconf 86' lang='lat' dir='ltr'>cogunt</span> <span class='ocrx_word' id='word_1_55' title='bbox 1786 1095 2002 1178; x_wconf 87' lang='lat' dir='ltr'>fateri,</span> <span class='ocrx_word' id='word_1_56' title='bbox 2047 1114 2315 1161; x_wconf 87' lang='lat' dir='ltr'>munere</span> <span class='ocrx_word' id='word_1_57' title='bbox 2366 1115 2585 1162; x_wconf 89' lang='lat' dir='ltr'>eorum</span> <span class='ocrx_word' id='word_1_58' title='bbox 2625 1095 2815 1178; x_wconf 85' lang='lat' dir='ltr'>fungi</span> <span class='ocrx_word' id='word_1_59' title='bbox 2858 1116 2984 1162; x_wconf 93' lang='lat' dir='ltr'>non</span> 
     </span>
     <span class='ocr_line' id='line_1_8' title="bbox 630 1197 2985 1281; baseline -0.001 -15"><span class='ocrx_word' id='word_1_60' title='bbox 630 1200 842 1267; x_wconf 88' lang='lat' dir='ltr'>ausim</span> <span class='ocrx_word' id='word_1_61' title='bbox 868 1200 1258 1265; x_wconf 81' lang='lat' dir='ltr'>contendere</span> <span class='ocrx_word' id='word_1_62' title='bbox 1289 1237 1383 1281; x_wconf 88' lang='lat'>-,</span> <span class='ocrx_word' id='word_1_63' title='bbox 1419 1203 1643 1263; x_wconf 88' lang='lat' dir='ltr'>tamen</span> <span class='ocrx_word' id='word_1_64' title='bbox 1671 1197 1960 1280; x_wconf 86' lang='lat' dir='ltr'>vestigia</span> <span class='ocrx_word' id='word_1_65' title='bbox 1991 1199 2310 1279; x_wconf 89' lang='lat' dir='ltr'>quaedam</span> <span class='ocrx_word' id='word_1_66' title='bbox 2336 1218 2371 1264; x_wconf 88' lang='lat' dir='ltr'>e</span> <span class='ocrx_word' id='word_1_67' title='bbox 2388 1199 2671 1264; x_wconf 86' lang='lat' dir='ltr'>Platone</span> <span class='ocrx_word' id='word_1_68' title='bbox 2700 1200 2985 1280; x_wconf 87' lang='lat' dir='ltr'>repetita</span> 
     </span>
     <span class='ocr_line' id='line_1_9' title="bbox 633 1300 2987 1383; baseline -0.001 -15"><span class='ocrx_word' id='word_1_69' title='bbox 633 1310 703 1369; x_wconf 89' lang='lat' dir='ltr'>et</span> <span class='ocrx_word' id='word_1_70' title='bbox 746 1303 935 1370; x_wconf 86' lang='lat' dir='ltr'>novis</span> <span class='ocrx_word' id='word_1_71' title='bbox 976 1301 1327 1367; x_wconf 76' lang='lat' dir='ltr'>sententiis</span> <span class='ocrx_word' id='word_1_72' title='bbox 1356 1306 1552 1367; x_wconf 88' lang='lat' dir='ltr'>aucta</span> <span class='ocrx_word' id='word_1_73' title='bbox 1582 1300 1771 1367; x_wconf 91' lang='lat' dir='ltr'>nobis</span> <span class='ocrx_word' id='word_1_74' title='bbox 1802 1301 2162 1367; x_wconf 89' lang='lat' dir='ltr'>occurrisse</span> <span class='ocrx_word' id='word_1_75' title='bbox 2194 1305 2491 1383; x_wconf 87' lang='lat' dir='ltr'>apparet,</span> <span class='ocrx_word' id='word_1_76' title='bbox 2536 1320 2706 1382; x_wconf 87' lang='lat' dir='ltr'>quae</span> <span class='ocrx_word' id='word_1_77' title='bbox 2738 1306 2987 1381; x_wconf 91' lang='lat' dir='ltr'>quanta</span> 
     </span>
     <span class='ocr_line' id='line_1_10' title="bbox 631 1403 2985 1487; baseline -0.001 -16"><span class='ocrx_word' id='word_1_78' title='bbox 631 1405 1031 1471; x_wconf 86' lang='lat' dir='ltr'>auctoritate</span> <span class='ocrx_word' id='word_1_79' title='bbox 1086 1403 1354 1487; x_wconf 84' lang='lat' dir='ltr'>fuerint,</span> <span class='ocrx_word' id='word_1_80' title='bbox 1399 1405 1574 1484; x_wconf 90' lang='lat' dir='ltr'>apud</span> <span class='ocrx_word' id='word_1_81' title='bbox 1614 1404 1670 1468; x_wconf 87' lang='lat' dir='ltr'>L</span> <span class='ocrx_word' id='word_1_82' title='bbox 1689 1403 1824 1468; x_wconf 87' lang='lat' dir='ltr'>uci</span> <span class='ocrx_word' id='word_1_83' title='bbox 1843 1422 2002 1468; x_wconf 89' lang='lat' dir='ltr'>anu</span> <span class='ocrx_word' id='word_1_84' title='bbox 2020 1423 2080 1468; x_wconf 90' lang='lat' dir='ltr'>m</span> <span class='ocrx_word' id='word_1_85' title='bbox 2122 1404 2506 1487; x_wconf 80' lang='lat' dir='ltr'>videbimuS,</span> <span class='ocrx_word' id='word_1_86' title='bbox 2553 1404 2738 1470; x_wconf 90' lang='lat' dir='ltr'>cuius</span> <span class='ocrx_word' id='word_1_87' title='bbox 2783 1405 2985 1470; x_wconf 90' lang='lat' dir='ltr'>libros</span> 
     </span>
     <span class='ocr_line' id='line_1_11' title="bbox 633 1507 1747 1587; baseline -0.003 -14"><span class='ocrx_word' id='word_1_88' title='bbox 633 1527 806 1573; x_wconf 87' lang='lat' dir='ltr'>nunc</span> <span class='ocrx_word' id='word_1_89' title='bbox 853 1507 1227 1580; x_wconf 72' lang='lat' dir='ltr'>accuratius</span> <span class='ocrx_word' id='word_1_90' title='bbox 1272 1507 1747 1587; x_wconf 86' lang='lat' dir='ltr'>perquiramus.</span> 
     </span>
    </p>
   </div>
   <div class='ocr_carea' id='block_1_3' title="bbox 628 1708 2987 2305">
    <p class='ocr_par' dir='ltr' id='par_1_3' title="bbox 628 1708 2987 2305">
     <span class='ocr_line' id='line_1_12' title="bbox 801 1708 2986 1794; baseline 0.001 -20"><span class='ocrx_word' id='word_1_91' title='bbox 801 1711 858 1774; x_wconf 90' lang='lat' dir='ltr'>L</span> <span class='ocrx_word' id='word_1_92' title='bbox 879 1729 921 1774; x_wconf 94' lang='lat' dir='ltr'>u</span> <span class='ocrx_word' id='word_1_93' title='bbox 939 1709 1166 1775; x_wconf 89' lang='lat' dir='ltr'>ciani</span> <span class='ocrx_word' id='word_1_94' title='bbox 1214 1710 1695 1776; x_wconf 82' lang='lat' dir='ltr'>Samosatensis</span> <span class='ocrx_word' id='word_1_95' title='bbox 1742 1708 2050 1790; x_wconf 87' lang='lat' dir='ltr'>operibus</span> <span class='ocrx_word' id='word_1_96' title='bbox 2091 1711 2372 1776; x_wconf 86' lang='lat' dir='ltr'>evolutis</span> <span class='ocrx_word' id='word_1_97' title='bbox 2421 1711 2615 1777; x_wconf 89' lang='lat' dir='ltr'>valde</span> <span class='ocrx_word' id='word_1_98' title='bbox 2660 1710 2986 1794; x_wconf 84' lang='lat' dir='ltr'>miramur,</span> 
     </span>
     <span class='ocr_line' id='line_1_13' title="bbox 629 1811 2986 1895; baseline -0.001 -16"><span class='ocrx_word' id='word_1_99' title='bbox 629 1818 939 1895; x_wconf 91' lang='lat' dir='ltr'>quantam</span> <span class='ocrx_word' id='word_1_100' title='bbox 1000 1818 1068 1877; x_wconf 88' lang='lat' dir='ltr'>et</span> <span class='ocrx_word' id='word_1_101' title='bbox 1128 1831 1320 1892; x_wconf 91' lang='lat' dir='ltr'>quam</span> <span class='ocrx_word' id='word_1_102' title='bbox 1364 1812 1619 1877; x_wconf 87' lang='lat' dir='ltr'>variam</span> <span class='ocrx_word' id='word_1_103' title='bbox 1681 1811 2056 1893; x_wconf 87' lang='lat' dir='ltr'>opinionum</span> <span class='ocrx_word' id='word_1_104' title='bbox 2112 1812 2301 1879; x_wconf 92' lang='lat' dir='ltr'>nobis</span> <span class='ocrx_word' id='word_1_105' title='bbox 2345 1812 2693 1878; x_wconf 89' lang='lat' dir='ltr'>materiam</span> <span class='ocrx_word' id='word_1_106' title='bbox 2730 1832 2986 1879; x_wconf 89' lang='lat' dir='ltr'>conser-</span> 
     </span>
     <span class='ocr_line' id='line_1_14' title="bbox 628 1914 2987 2004; baseline -0.001 -21"><span class='ocrx_word' id='word_1_107' title='bbox 628 1915 953 1983; x_wconf 86' lang='lat' dir='ltr'>vaverint.</span> <span class='ocrx_word' id='word_1_108' title='bbox 1040 1914 1261 1995; x_wconf 90' lang='lat' dir='ltr'>Atque</span> <span class='ocrx_word' id='word_1_109' title='bbox 1320 1918 1569 2004; x_wconf 87' lang='lat' dir='ltr'>certam</span> <span class='ocrx_word' id='word_1_110' title='bbox 1630 1914 1693 1979; x_wconf 94' lang='lat' dir='ltr'>ei</span> <span class='ocrx_word' id='word_1_111' title='bbox 1753 1915 1944 1979; x_wconf 90' lang='lat' dir='ltr'>fidem</span> <span class='ocrx_word' id='word_1_112' title='bbox 2003 1915 2410 1998; x_wconf 88' lang='lat' dir='ltr'>habebimus,</span> <span class='ocrx_word' id='word_1_113' title='bbox 2473 1915 2630 1996; x_wconf 89' lang='lat' dir='ltr'>quia</span> <span class='ocrx_word' id='word_1_114' title='bbox 2690 1935 2859 1996; x_wconf 90' lang='lat' dir='ltr'>quae</span> <span class='ocrx_word' id='word_1_115' title='bbox 2917 1917 2987 1981; x_wconf 92' lang='lat' dir='ltr'>in</span> 
     </span>
     <span class='ocr_line' id='line_1_15' title="bbox 628 2012 2986 2100; baseline 0 -16"><span class='ocrx_word' id='word_1_116' title='bbox 628 2019 858 2084; x_wconf 89' lang='lat' dir='ltr'>satiris</span> <span class='ocrx_word' id='word_1_117' title='bbox 905 2019 989 2083; x_wconf 90' lang='lat' dir='ltr'>ab</span> <span class='ocrx_word' id='word_1_118' title='bbox 1038 2036 1111 2083; x_wconf 88' lang='lat' dir='ltr'>eo</span> <span class='ocrx_word' id='word_1_119' title='bbox 1164 2012 1556 2098; x_wconf 88' lang='lat' dir='ltr'>conscriptis</span> <span class='ocrx_word' id='word_1_120' title='bbox 1602 2017 2050 2100; x_wconf 89' lang='lat' dir='ltr'>inveniuntur,</span> <span class='ocrx_word' id='word_1_121' title='bbox 2095 2017 2249 2083; x_wconf 90' lang='lat' dir='ltr'>licet</span> <span class='ocrx_word' id='word_1_122' title='bbox 2297 2018 2562 2084; x_wconf 89' lang='lat' dir='ltr'>uberius</span> <span class='ocrx_word' id='word_1_123' title='bbox 2611 2019 2792 2085; x_wconf 82' lang='lat' dir='ltr'>dicta</span> <span class='ocrx_word' id='word_1_124' title='bbox 2836 2019 2986 2100; x_wconf 90' lang='lat' dir='ltr'>sint,</span> 
     </span>
     <span class='ocr_line' id='line_1_16' title="bbox 632 2120 2986 2205; baseline 0 -19"><span class='ocrx_word' id='word_1_125' title='bbox 632 2125 856 2188; x_wconf 89' lang='lat' dir='ltr'>tamen</span> <span class='ocrx_word' id='word_1_126' title='bbox 903 2120 1274 2186; x_wconf 89' lang='lat' dir='ltr'>certissima</span> <span class='ocrx_word' id='word_1_127' title='bbox 1317 2138 1465 2185; x_wconf 87' lang='lat' dir='ltr'>esse</span> <span class='ocrx_word' id='word_1_128' title='bbox 1509 2120 1892 2185; x_wconf 87' lang='lat' dir='ltr'>testimonia</span> <span class='ocrx_word' id='word_1_129' title='bbox 1939 2120 2275 2205; x_wconf 85' lang='lat' dir='ltr'>constat.1)</span> <span class='ocrx_word' id='word_1_130' title='bbox 2364 2121 2505 2186; x_wconf 90' lang='lat' dir='ltr'>Iam</span> <span class='ocrx_word' id='word_1_131' title='bbox 2537 2122 2801 2204; x_wconf 79' lang='lat' dir='ltr'>singula</span> <span class='ocrx_word' id='word_1_132' title='bbox 2832 2121 2986 2187; x_wconf 87' lang='lat' dir='ltr'>affe-</span> 
     </span>
     <span class='ocr_line' id='line_1_17' title="bbox 629 2226 1225 2305; baseline -0.003 -17"><span class='ocrx_word' id='word_1_133' title='bbox 629 2242 771 2289; x_wconf 87' lang='lat' dir='ltr'>ram</span> <span class='ocrx_word' id='word_1_134' title='bbox 816 2226 1225 2305; x_wconf 86' lang='lat' dir='ltr'>argumenta.</span> 
     </span>
    </p>
   </div>
   <div class='ocr_carea' id='block_1_4' title="bbox 627 2359 2994 3794">
    <p class='ocr_par' dir='ltr' id='par_1_4' title="bbox 800 2359 1691 2440">
     <span class='ocr_line' id='line_1_18' title="bbox 800 2359 1691 2440; baseline -0.001 -16"><span class='ocrx_word' id='word_1_135' title='bbox 800 2359 1137 2440; x_wconf 85' lang='lat' dir='ltr'>Dialog.</span> <span class='ocrx_word' id='word_1_136' title='bbox 1183 2364 1412 2423; x_wconf 90' lang='lat' dir='ltr'>mort.</span> <span class='ocrx_word' id='word_1_137' title='bbox 1458 2360 1691 2423; x_wconf 91' lang='lat' dir='ltr'>XXX:</span> 
     </span>
    </p>

    <p class='ocr_par' dir='ltr' id='par_1_5' title="bbox 627 2473 2991 2972">
     <span class='ocr_line' id='line_1_19' title="bbox 800 2473 2989 2565; baseline 0.001 -25"><span class='ocrx_word' id='word_1_138' title='bbox 800 2486 877 2540; x_wconf 85' lang='lat' dir='ltr'><em>M</em></span> <span class='ocrx_word' id='word_1_139' title='bbox 883 2480 909 2541; x_wconf 89' lang='grc' dir='ltr'><strong><em>ί</em></strong></span> <span class='ocrx_word' id='word_1_140' title='bbox 923 2501 956 2540; x_wconf 89' lang='grc' dir='ltr'><strong><em>ν</em></strong></span> <span class='ocrx_word' id='word_1_141' title='bbox 972 2501 1024 2540; x_wconf 92' lang='grc' dir='ltr'><strong><em>ω</em></strong></span> <span class='ocrx_word' id='word_1_142' title='bbox 1040 2501 1099 2554; x_wconf 87' lang='grc' dir='ltr'>ς;</span> <span class='ocrx_word' id='word_1_143' title='bbox 1131 2477 1194 2542; x_wconf 87' lang='lat'>‘0</span> <span class='ocrx_word' id='word_1_144' title='bbox 1208 2477 1321 2558; x_wconf 82' lang='grc' dir='ltr'>μὲν</span> <span class='ocrx_word' id='word_1_145' title='bbox 1337 2476 1560 2562; x_wconf 82' lang='grc' dir='ltr'><strong><em>λῃστὴς</em></strong></span> <span class='ocrx_word' id='word_1_146' title='bbox 1582 2473 1802 2541; x_wconf 81' lang='grc' dir='ltr'><strong><em>οὖτοσὶ</em></strong></span> <span class='ocrx_word' id='word_1_147' title='bbox 1820 2481 2188 2563; x_wconf 84' lang='grc' dir='ltr'><strong><em>Σώστρατος</em></strong></span> <span class='ocrx_word' id='word_1_148' title='bbox 2210 2475 2275 2555; x_wconf 72' lang='grc' dir='ltr'>ἐς</span> <span class='ocrx_word' id='word_1_149' title='bbox 2293 2478 2400 2542; x_wconf 91' lang='grc' dir='ltr'>τὸν</span> <span class='ocrx_word' id='word_1_150' title='bbox 2421 2478 2989 2565; x_wconf 73' lang='grc' dir='ltr'><strong><em>Πυριφλεγέθοντα</em></strong></span> 
     </span>
     <span class='ocr_line' id='line_1_20' title="bbox 634 2577 2988 2668; baseline 0.001 -24"><span class='ocrx_word' id='word_1_151' title='bbox 634 2577 1091 2666; x_wconf 70' lang='grc' dir='ltr'><em>ἐμβεβλήσθω,</em></span> <span class='ocrx_word' id='word_1_152' title='bbox 1163 2580 1197 2644; x_wconf 83' lang='grc' dir='ltr'><em>ὃ</em></span> <span class='ocrx_word' id='word_1_153' title='bbox 1259 2578 1327 2644; x_wconf 82' lang='grc' dir='ltr'>δὲ</span> <span class='ocrx_word' id='word_1_154' title='bbox 1395 2580 1718 2664; x_wconf 84' lang='grc' dir='ltr'><strong><em>ἱερόσυλος</em></strong></span> <span class='ocrx_word' id='word_1_155' title='bbox 1782 2579 1909 2643; x_wconf 82' lang='grc' dir='ltr'>ὑπὸ</span> <span class='ocrx_word' id='word_1_156' title='bbox 1954 2590 2061 2666; x_wconf 84' lang='grc' dir='ltr'>τῆς</span> <span class='ocrx_word' id='word_1_157' title='bbox 2119 2585 2425 2666; x_wconf 82' lang='grc' dir='ltr'><strong><em>χιμαίρας</em></strong></span> <span class='ocrx_word' id='word_1_158' title='bbox 2497 2581 2988 2668; x_wconf 78' lang='grc' dir='ltr'><strong><em>διασπασθήτω,</em></strong></span> 
     </span>
     <span class='ocr_line' id='line_1_21' title="bbox 627 2680 2991 2767; baseline 0.001 -19"><span class='ocrx_word' id='word_1_159' title='bbox 627 2682 812 2766; x_wconf 78' lang='grc' dir='ltr'><strong><em>ὑμεῖς</em></strong></span> <span class='ocrx_word' id='word_1_160' title='bbox 857 2683 926 2749; x_wconf 82' lang='grc' dir='ltr'>δὲ</span> <span class='ocrx_word' id='word_1_161' title='bbox 973 2683 1035 2748; x_wconf 84' lang='grc' dir='ltr'>οἱ</span> <span class='ocrx_word' id='word_1_162' title='bbox 1082 2683 1327 2767; x_wconf 71' lang='grc' dir='ltr'><strong><em>ἀγαθοὶ</em></strong></span> <span class='ocrx_word' id='word_1_163' title='bbox 1379 2683 1572 2746; x_wconf 79' lang='grc' dir='ltr'><strong><em>ἄπιτε</em></strong></span> <span class='ocrx_word' id='word_1_164' title='bbox 1613 2683 1775 2746; x_wconf 85' lang='grc' dir='ltr'><strong><em>κατὰ</em></strong></span> <span class='ocrx_word' id='word_1_165' title='bbox 1812 2686 2007 2764; x_wconf 84' lang='grc' dir='ltr'><strong><em>τάχος</em></strong></span> <span class='ocrx_word' id='word_1_166' title='bbox 2051 2680 2115 2760; x_wconf 79' lang='grc' dir='ltr'>ἐς</span> <span class='ocrx_word' id='word_1_167' title='bbox 2157 2684 2230 2748; x_wconf 86' lang='grc' dir='ltr'>τὸ</span> <span class='ocrx_word' id='word_1_168' title='bbox 2280 2684 2561 2748; x_wconf 84' lang='grc' dir='ltr'><strong><em>Ἠλύσιον</em></strong></span> <span class='ocrx_word' id='word_1_169' title='bbox 2613 2684 2840 2750; x_wconf 79' lang='grc' dir='ltr'><em>πεδίον</em></span> <span class='ocrx_word' id='word_1_170' title='bbox 2878 2686 2991 2750; x_wconf 85' lang='grc' dir='ltr'><strong><em>καὶ</em></strong></span> 
     </span>
     <span class='ocr_line' id='line_1_22' title="bbox 628 2784 2990 2875; baseline 0.001 -25"><span class='ocrx_word' id='word_1_171' title='bbox 628 2788 745 2863; x_wconf 85' lang='grc' dir='ltr'>τὰς</span> <span class='ocrx_word' id='word_1_172' title='bbox 798 2789 1117 2873; x_wconf 82' lang='grc' dir='ltr'><strong><em>Μακάρων</em></strong></span> <span class='ocrx_word' id='word_1_173' title='bbox 1181 2788 1402 2872; x_wconf 84' lang='grc' dir='ltr'><strong><em>νήσους</em></strong></span> <span class='ocrx_word' id='word_1_174' title='bbox 1452 2798 1820 2860; x_wconf 83' lang='grc' dir='ltr'><strong><em>κατοικεῖτε,</em></strong></span> <span class='ocrx_word' id='word_1_175' title='bbox 1876 2786 2028 2852; x_wconf 73' lang='grc' dir='ltr'>ἀνθ’</span> <span class='ocrx_word' id='word_1_176' title='bbox 2089 2784 2174 2852; x_wconf 84' lang='grc' dir='ltr'>ὧν</span> <span class='ocrx_word' id='word_1_177' title='bbox 2225 2786 2445 2851; x_wconf 88' lang='grc' dir='ltr'><strong><em>δίκαια</em></strong></span> <span class='ocrx_word' id='word_1_178' title='bbox 2489 2787 2765 2852; x_wconf 79' lang='grc' dir='ltr'><strong><em>ἐποιεῖτε</em></strong></span> <span class='ocrx_word' id='word_1_179' title='bbox 2807 2790 2990 2875; x_wconf 80' lang='grc' dir='ltr'><strong><em>παρὰ</em></strong></span> 
     </span>
     <span class='ocr_line' id='line_1_23' title="bbox 634 2889 936 2972; baseline 0 -20"><span class='ocrx_word' id='word_1_180' title='bbox 634 2889 742 2954; x_wconf 86' lang='grc' dir='ltr'>τὸν</span> <span class='ocrx_word' id='word_1_181' title='bbox 777 2893 936 2972; x_wconf 83' lang='grc' dir='ltr'><strong><em>βίον.</em></strong></span> 
     </span>
    </p>

    <p class='ocr_par' dir='ltr' id='par_1_6' title="bbox 810 2987 2851 3077">
     <span class='ocr_line' id='line_1_24' title="bbox 810 2987 2851 3077; baseline 0.001 -22"><span class='ocrx_word' id='word_1_182' title='bbox 810 2997 1142 3076; x_wconf 87' lang='grc' dir='ltr'><strong><em>Σώστρ..·</em></strong></span> <span class='ocrx_word' id='word_1_183' title='bbox 1171 2992 1480 3076; x_wconf 76' lang='grc' dir='ltr'><strong><em>Ἄκουσον,</em></strong></span> <span class='ocrx_word' id='word_1_184' title='bbox 1527 2987 1577 3054; x_wconf 81' lang='grc' dir='ltr'>ὦ</span> <span class='ocrx_word' id='word_1_185' title='bbox 1623 2996 1859 3069; x_wconf 85' lang='grc' dir='ltr'><strong><em>Μίνως,</em></strong></span> <span class='ocrx_word' id='word_1_186' title='bbox 1908 2992 1970 3056; x_wconf 79' lang='grc' dir='ltr'>εἴ</span> <span class='ocrx_word' id='word_1_187' title='bbox 2011 3014 2113 3056; x_wconf 91' lang='grc' dir='ltr'><strong><em>σοι</em></strong></span> <span class='ocrx_word' id='word_1_188' title='bbox 2158 2991 2378 3057; x_wconf 85' lang='grc' dir='ltr'><strong><em>δίκαια</em></strong></span> <span class='ocrx_word' id='word_1_189' title='bbox 2420 2992 2588 3072; x_wconf 88' lang='grc' dir='ltr'><strong><em>δόξω</em></strong></span> <span class='ocrx_word' id='word_1_190' title='bbox 2633 2992 2851 3077; x_wconf 82' lang='grc' dir='ltr'><strong><em>λέγειν.</em></strong></span> 
     </span>
    </p>

    <p class='ocr_par' dir='ltr' id='par_1_7' title="bbox 632 3089 2987 3281">
     <span class='ocr_line' id='line_1_25' title="bbox 803 3089 2987 3181; baseline 0 -24"><span class='ocrx_word' id='word_1_191' title='bbox 803 3098 1022 3157; x_wconf 84' lang='grc' dir='ltr'><strong><em>Μίν..·</em></strong></span> <span class='ocrx_word' id='word_1_192' title='bbox 1062 3102 1191 3158; x_wconf 84' lang='grc' dir='ltr'>Νῦν</span> <span class='ocrx_word' id='word_1_193' title='bbox 1236 3094 1490 3159; x_wconf 82' lang='grc' dir='ltr'><strong><em>ἀκούσω</em></strong></span> <span class='ocrx_word' id='word_1_194' title='bbox 1538 3089 1826 3171; x_wconf 70' lang='grc' dir='ltr'><strong><em>αὖθιςς</em></strong></span> <span class='ocrx_word' id='word_1_195' title='bbox 1876 3095 1949 3158; x_wconf 80' lang='grc' dir='ltr'>οὐ</span> <span class='ocrx_word' id='word_1_196' title='bbox 2004 3096 2125 3181; x_wconf 83' lang='grc' dir='ltr'>γὰρ</span> <span class='ocrx_word' id='word_1_197' title='bbox 2173 3093 2752 3181; x_wconf 72' lang='grc' dir='ltr'><strong><em>ἐξελήλεγξαι,</em></strong></span> <span class='ocrx_word' id='word_1_198' title='bbox 2798 3091 2849 3157; x_wconf 83' lang='grc' dir='ltr'><em>ὦ</em></span> <span class='ocrx_word' id='word_1_199' title='bbox 2894 3104 2987 3168; x_wconf 92' lang='grc' dir='ltr'>Σ.,</span> 
     </span>
     <span class='ocr_line' id='line_1_26' title="bbox 632 3194 2021 3281; baseline -0.001 -21"><span class='ocrx_word' id='word_1_200' title='bbox 632 3194 910 3281; x_wconf 80' lang='grc' dir='ltr'><strong><em>πονηρὸς</em></strong></span> <span class='ocrx_word' id='word_1_201' title='bbox 956 3198 1045 3259; x_wconf 84' lang='grc' dir='ltr'>ὢν</span> <span class='ocrx_word' id='word_1_202' title='bbox 1084 3198 1191 3261; x_wconf 87' lang='grc' dir='ltr'><strong><em>καὶ</em></strong></span> <span class='ocrx_word' id='word_1_203' title='bbox 1235 3200 1576 3273; x_wconf 86' lang='grc' dir='ltr'><strong><em>τοσούτους</em></strong></span> <span class='ocrx_word' id='word_1_204' title='bbox 1617 3197 2021 3273; x_wconf 85' lang='grc' dir='ltr'><strong><em>ἀπεκτονώς,·</em></strong></span> 
     </span>
    </p>

    <p class='ocr_par' dir='ltr' id='par_1_8' title="bbox 807 3299 1895 3385">
     <span class='ocr_line' id='line_1_27' title="bbox 807 3299 1895 3385; baseline -0.002 -22"><span class='ocrx_word' id='word_1_205' title='bbox 807 3302 1145 3385; x_wconf 88' lang='grc' dir='ltr'><strong><em>Σώστρ..·</em></strong></span> <span class='ocrx_word' id='word_1_206' title='bbox 1187 3299 1551 3385; x_wconf 76' lang='grc' dir='ltr'><strong><em>Ἐλήλεγμαι</em></strong></span> <span class='ocrx_word' id='word_1_207' title='bbox 1593 3300 1708 3381; x_wconf 82' lang='grc' dir='ltr'>μὲν</span> <span class='ocrx_word' id='word_1_208' title='bbox 1756 3350 1767 3364; x_wconf 94' lang='grc'><strong><em>.</em></strong></span> <span class='ocrx_word' id='word_1_209' title='bbox 1817 3354 1831 3366; x_wconf 95' lang='grc'><strong>.</strong></span> <span class='ocrx_word' id='word_1_210' title='bbox 1882 3347 1895 3361; x_wconf 92' lang='grc'><strong>.</strong></span> 
     </span>
    </p>

    <p class='ocr_par' dir='ltr' id='par_1_9' title="bbox 806 3401 2990 3489">
     <span class='ocr_line' id='line_1_28' title="bbox 806 3401 2990 3489; baseline 0.001 -24"><span class='ocrx_word' id='word_1_211' title='bbox 806 3402 887 3465; x_wconf 88' lang='grc' dir='ltr'><strong><em>Μ</em></strong></span> <span class='ocrx_word' id='word_1_212' title='bbox 891 3405 916 3465; x_wconf 87' lang='grc' dir='ltr'><strong><em>ι’</em></strong></span> <span class='ocrx_word' id='word_1_213' title='bbox 924 3425 972 3468; x_wconf 94' lang='grc' dir='ltr'>ν.</span> <span class='ocrx_word' id='word_1_214' title='bbox 985 3425 1006 3463; x_wconf 89' lang='grc'>.·</span> <span class='ocrx_word' id='word_1_215' title='bbox 1019 3405 1207 3484; x_wconf 83' lang='grc' dir='ltr'><strong><em>Λέγε,</em></strong></span> <span class='ocrx_word' id='word_1_216' title='bbox 1223 3402 1307 3486; x_wconf 78' lang='grc' dir='ltr'>μὴ</span> <span class='ocrx_word' id='word_1_217' title='bbox 1323 3401 1535 3488; x_wconf 81' lang='grc' dir='ltr'><strong><em>μακρὰ</em></strong></span> <span class='ocrx_word' id='word_1_218' title='bbox 1547 3404 1762 3484; x_wconf 84' lang='grc' dir='ltr'><strong><em>μόνον,</em></strong></span> <span class='ocrx_word' id='word_1_219' title='bbox 1789 3402 1878 3479; x_wconf 82' lang='grc' dir='ltr'>ὡς</span> <span class='ocrx_word' id='word_1_220' title='bbox 1893 3404 2002 3468; x_wconf 87' lang='grc' dir='ltr'><strong><em>καὶ</em></strong></span> <span class='ocrx_word' id='word_1_221' title='bbox 2017 3404 2164 3479; x_wconf 86' lang='grc' dir='ltr'><strong><em>τοὺς</em></strong></span> <span class='ocrx_word' id='word_1_222' title='bbox 2180 3404 2408 3480; x_wconf 78' lang='grc' dir='ltr'><strong><em>ἄλλους</em></strong></span> <span class='ocrx_word' id='word_1_223' title='bbox 2425 3403 2845 3489; x_wconf 83' lang='grc' dir='ltr'><strong><em>διακρίνωμεν</em></strong></span> <span class='ocrx_word' id='word_1_224' title='bbox 2862 3402 2990 3488; x_wconf 78' lang='grc' dir='ltr'><strong><em>ἤδη.</em></strong></span> 
     </span>
    </p>

    <p class='ocr_par' dir='ltr' id='par_1_10' title="bbox 633 3506 2994 3794">
     <span class='ocr_line' id='line_1_29' title="bbox 806 3506 2992 3588; baseline 0 -18"><span class='ocrx_word' id='word_1_225' title='bbox 806 3506 1139 3572; x_wconf 88' lang='lat' dir='ltr'>Iudicavit</span> <span class='ocrx_word' id='word_1_226' title='bbox 1185 3508 1367 3572; x_wconf 91' lang='lat' dir='ltr'>modo</span> <span class='ocrx_word' id='word_1_227' title='bbox 1429 3508 1510 3572; x_wconf 89' lang='lat' dir='ltr'>de</span> <span class='ocrx_word' id='word_1_228' title='bbox 1571 3507 1846 3572; x_wconf 84' lang='lat' dir='ltr'>mortuis</span> <span class='ocrx_word' id='word_1_229' title='bbox 1907 3508 2120 3573; x_wconf 91' lang='lat' dir='ltr'>Minos</span> <span class='ocrx_word' id='word_1_230' title='bbox 2181 3512 2249 3573; x_wconf 88' lang='lat' dir='ltr'>et</span> <span class='ocrx_word' id='word_1_231' title='bbox 2307 3508 2514 3573; x_wconf 88' lang='lat' dir='ltr'>iustos</span> <span class='ocrx_word' id='word_1_232' title='bbox 2582 3509 2668 3573; x_wconf 90' lang='lat' dir='ltr'>ad</span> <span class='ocrx_word' id='word_1_233' title='bbox 2732 3507 2992 3588; x_wconf 89' lang='lat' dir='ltr'>Elysios</span> 
     </span>
     <span class='ocr_line' id='line_1_30' title="bbox 633 3607 2991 3690; baseline 0 -18"><span class='ocrx_word' id='word_1_234' title='bbox 633 3607 813 3673; x_wconf 90' lang='lat' dir='ltr'>misit</span> <span class='ocrx_word' id='word_1_235' title='bbox 846 3626 1124 3689; x_wconf 88' lang='lat' dir='ltr'>campos,</span> <span class='ocrx_word' id='word_1_236' title='bbox 1154 3608 1384 3689; x_wconf 89' lang='lat' dir='ltr'>impios</span> <span class='ocrx_word' id='word_1_237' title='bbox 1417 3615 1639 3674; x_wconf 87' lang='lat' dir='ltr'>autem</span> <span class='ocrx_word' id='word_1_238' title='bbox 1659 3609 1983 3675; x_wconf 88' lang='lat' dir='ltr'>Mercurio</span> <span class='ocrx_word' id='word_1_239' title='bbox 2007 3609 2290 3676; x_wconf 89' lang='lat' dir='ltr'>tradidit</span> <span class='ocrx_word' id='word_1_240' title='bbox 2311 3611 2691 3690; x_wconf 78' lang='lat' dir='ltr'>puniendos,</span> <span class='ocrx_word' id='word_1_241' title='bbox 2745 3610 2991 3674; x_wconf 90' lang='lat' dir='ltr'>Multos</span> 
     </span>
     <span class='ocr_line' id='line_1_31' title="bbox 636 3709 2994 3794; baseline 0 -20"><span class='ocrx_word' id='word_1_242' title='bbox 636 3710 801 3775; x_wconf 90' lang='lat' dir='ltr'>alios</span> <span class='ocrx_word' id='word_1_243' title='bbox 848 3709 1086 3775; x_wconf 87' lang='lat' dir='ltr'>dehinc</span> <span class='ocrx_word' id='word_1_244' title='bbox 1117 3715 1477 3793; x_wconf 83' lang='lat' dir='ltr'>exspectat,</span> <span class='ocrx_word' id='word_1_245' title='bbox 1523 3715 1599 3776; x_wconf 93' lang='lat' dir='ltr'>ut</span> <span class='ocrx_word' id='word_1_246' title='bbox 1635 3713 1715 3775; x_wconf 88' lang='lat' dir='ltr'>de</span> <span class='ocrx_word' id='word_1_247' title='bbox 1763 3712 1858 3777; x_wconf 92' lang='lat' dir='ltr'>eis</span> <span class='ocrx_word' id='word_1_248' title='bbox 1896 3730 2147 3791; x_wconf 90' lang='lat' dir='ltr'>quoque</span> <span class='ocrx_word' id='word_1_249' title='bbox 2192 3711 2368 3777; x_wconf 87' lang='lat' dir='ltr'>ferat</span> <span class='ocrx_word' id='word_1_250' title='bbox 2412 3712 2831 3794; x_wconf 87' lang='lat' dir='ltr'>sententiam,</span> <span class='ocrx_word' id='word_1_251' title='bbox 2877 3713 2994 3776; x_wconf 90' lang='lat' dir='ltr'>sed</span> 
     </span>
    </p>
   </div>
   <div class='ocr_carea' id='block_1_5' title="bbox 632 3834 1043 3844">
    <p class='ocr_par' dir='ltr' id='par_1_11' title="bbox 632 3834 1043 3844">
     <span class='ocr_line' id='line_1_32' title="bbox 632 3834 1043 3844; baseline 0 1274"><span class='ocrx_word' id='word_1_252' title='bbox 632 3834 1043 3844; x_wconf 95' lang='lat' dir='ltr'> </span> 
     </span>
    </p>
   </div>
   <div class='ocr_carea' id='block_1_6' title="bbox 633 3879 2996 4462">
    <p class='ocr_par' dir='ltr' id='par_1_12' title="bbox 634 3879 2995 4019">
     <span class='ocr_line' id='line_1_33' title="bbox 634 3879 2995 3950; baseline 0 -16"><span class='ocrx_word' id='word_1_253' title='bbox 634 3897 684 3948; x_wconf 92' lang='lat' dir='ltr'>p.</span> <span class='ocrx_word' id='word_1_254' title='bbox 725 3880 833 3933; x_wconf 85' lang='lat'>269</span> <span class='ocrx_word' id='word_1_255' title='bbox 870 3897 946 3946; x_wconf 89' lang='lat' dir='ltr'>sq.</span> <span class='ocrx_word' id='word_1_256' title='bbox 986 3879 1249 3947; x_wconf 84' lang='lat' dir='ltr'>exposuit,</span> <span class='ocrx_word' id='word_1_257' title='bbox 1308 3879 1401 3933; x_wconf 93' lang='lat' dir='ltr'>ubi</span> <span class='ocrx_word' id='word_1_258' title='bbox 1454 3881 1594 3934; x_wconf 91' lang='lat' dir='ltr'>locos</span> <span class='ocrx_word' id='word_1_259' title='bbox 1648 3896 1819 3947; x_wconf 87' lang='lat' dir='ltr'>usque</span> <span class='ocrx_word' id='word_1_260' title='bbox 1872 3881 1940 3933; x_wconf 88' lang='lat' dir='ltr'>ad</span> <span class='ocrx_word' id='word_1_261' title='bbox 1978 3881 2169 3935; x_wconf 89' lang='lat' dir='ltr'>Dantii</span> <span class='ocrx_word' id='word_1_262' title='bbox 2204 3882 2434 3949; x_wconf 86' lang='lat' dir='ltr'>Purgat.</span> <span class='ocrx_word' id='word_1_263' title='bbox 2476 3881 2628 3950; x_wconf 88' lang='lat' dir='ltr'>XIII,</span> <span class='ocrx_word' id='word_1_264' title='bbox 2666 3881 2733 3934; x_wconf 87' lang='lat'>36</span> <span class='ocrx_word' id='word_1_265' title='bbox 2770 3881 2995 3935; x_wconf 87' lang='lat' dir='ltr'>collatos</span> 
     </span>
     <span class='ocr_line' id='line_1_34' title="bbox 636 3981 900 4019; baseline 0 0"><span class='ocrx_word' id='word_1_266' title='bbox 636 3981 900 4019; x_wconf 86' lang='lat' dir='ltr'>mvemes.</span> 
     </span>
    </p>

    <p class='ocr_par' dir='ltr' id='par_1_13' title="bbox 633 4050 2996 4462">
     <span class='ocr_line' id='line_1_35' title="bbox 810 4050 2995 4120; baseline -0 -15"><span class='ocrx_word' id='word_1_267' title='bbox 810 4051 847 4119; x_wconf 86' lang='grc'>1)</span> <span class='ocrx_word' id='word_1_268' title='bbox 884 4050 943 4105; x_wconf 92' lang='grc' dir='ltr'>Ο.</span> <span class='ocrx_word' id='word_1_269' title='bbox 982 4051 1248 4119; x_wconf 87' lang='lat' dir='ltr'>Waser,</span> <span class='ocrx_word' id='word_1_270' title='bbox 1287 4052 1497 4105; x_wconf 85' lang='lat' dir='ltr'>Charon</span> <span class='ocrx_word' id='word_1_271' title='bbox 1522 4068 1573 4119; x_wconf 89' lang='lat' dir='ltr'>p.</span> <span class='ocrx_word' id='word_1_272' title='bbox 1599 4052 1780 4119; x_wconf 78' lang='lat' dir='ltr'>51s52:</span> <span class='ocrx_word' id='word_1_273' title='bbox 1821 4051 1893 4105; x_wconf 88' lang='lat' dir='ltr'>‘es</span> <span class='ocrx_word' id='word_1_274' title='bbox 1919 4052 2067 4105; x_wconf 88' lang='lat' dir='ltr'>steht</span> <span class='ocrx_word' id='word_1_275' title='bbox 2090 4052 2212 4120; x_wconf 83' lang='lat' dir='ltr'>fest,</span> <span class='ocrx_word' id='word_1_276' title='bbox 2252 4054 2355 4107; x_wconf 85' lang='lat' dir='ltr'>dass</span> <span class='ocrx_word' id='word_1_277' title='bbox 2381 4052 2493 4106; x_wconf 90' lang='lat' dir='ltr'>sich</span> <span class='ocrx_word' id='word_1_278' title='bbox 2519 4052 2724 4106; x_wconf 87' lang='lat' dir='ltr'>Lucian</span> <span class='ocrx_word' id='word_1_279' title='bbox 2750 4052 2807 4105; x_wconf 93' lang='lat' dir='ltr'>in</span> <span class='ocrx_word' id='word_1_280' title='bbox 2834 4052 2995 4104; x_wconf 88' lang='lat' dir='ltr'>allem</span> 
     </span>
     <span class='ocr_line' id='line_1_36' title="bbox 633 4136 2996 4206; baseline 0.001 -17"><span class='ocrx_word' id='word_1_281' title='bbox 633 4141 825 4204; x_wconf 78' lang='lat' dir='ltr'>strong</span> <span class='ocrx_word' id='word_1_282' title='bbox 867 4153 936 4189; x_wconf 87' lang='lat' dir='ltr'>an</span> <span class='ocrx_word' id='word_1_283' title='bbox 983 4136 1069 4190; x_wconf 87' lang='lat' dir='ltr'>die</span> <span class='ocrx_word' id='word_1_284' title='bbox 1112 4137 1396 4191; x_wconf 87' lang='lat' dir='ltr'>Tradition</span> <span class='ocrx_word' id='word_1_285' title='bbox 1434 4137 1598 4205; x_wconf 82' lang='lat' dir='ltr'>hielt3</span> <span class='ocrx_word' id='word_1_286' title='bbox 1652 4154 1709 4191; x_wconf 88' lang='lat' dir='ltr'>so</span> <span class='ocrx_word' id='word_1_287' title='bbox 1752 4137 1933 4191; x_wconf 84' lang='lat' dir='ltr'>finden</span> <span class='ocrx_word' id='word_1_288' title='bbox 1975 4138 2075 4191; x_wconf 88' lang='lat' dir='ltr'>wir</span> <span class='ocrx_word' id='word_1_289' title='bbox 2117 4138 2263 4192; x_wconf 88' lang='lat' dir='ltr'>seine</span> <span class='ocrx_word' id='word_1_290' title='bbox 2306 4139 2574 4206; x_wconf 86' lang='lat' dir='ltr'>Angaben</span> <span class='ocrx_word' id='word_1_291' title='bbox 2599 4138 2729 4191; x_wconf 83' lang='lat' dir='ltr'>iiber</span> <span class='ocrx_word' id='word_1_292' title='bbox 2772 4137 2857 4191; x_wconf 89' lang='lat' dir='ltr'>die</span> <span class='ocrx_word' id='word_1_293' title='bbox 2895 4138 2996 4191; x_wconf 92' lang='lat' dir='ltr'>Be-</span> 
     </span>
     <span class='ocr_line' id='line_1_37' title="bbox 633 4222 2995 4292; baseline 0 -17"><span class='ocrx_word' id='word_1_294' title='bbox 633 4223 1223 4290; x_wconf 73' lang='lat' dir='ltr'>stattungsgebriiuche</span> <span class='ocrx_word' id='word_1_295' title='bbox 1260 4224 1326 4277; x_wconf 90' lang='lat' dir='ltr'>de</span> <span class='ocrx_word' id='word_1_296' title='bbox 1371 4223 1526 4277; x_wconf 90' lang='lat' dir='ltr'>luctu</span> <span class='ocrx_word' id='word_1_297' title='bbox 1553 4223 1619 4276; x_wconf 93' lang='grc'>10</span> <span class='ocrx_word' id='word_1_298' title='bbox 1654 4222 1865 4277; x_wconf 84' lang='lat' dir='ltr'>iiberall</span> <span class='ocrx_word' id='word_1_299' title='bbox 1901 4222 2186 4292; x_wconf 67' lang='lat' dir='ltr'>bestatigt,</span> <span class='ocrx_word' id='word_1_300' title='bbox 2236 4225 2347 4277; x_wconf 90' lang='lat' dir='ltr'>und</span> <span class='ocrx_word' id='word_1_301' title='bbox 2381 4224 2506 4277; x_wconf 81' lang='lat' dir='ltr'>falls</span> <span class='ocrx_word' id='word_1_302' title='bbox 2555 4240 2614 4277; x_wconf 89' lang='lat' dir='ltr'>er</span> <span class='ocrx_word' id='word_1_303' title='bbox 2661 4224 2771 4277; x_wconf 87' lang='lat' dir='ltr'>mal</span> <span class='ocrx_word' id='word_1_304' title='bbox 2823 4230 2995 4276; x_wconf 85' lang='lat' dir='ltr'>etwas</span> 
     </span>
     <span class='ocr_line' id='line_1_38' title="bbox 633 4306 2995 4378; baseline 0 -18"><span class='ocrx_word' id='word_1_305' title='bbox 633 4308 703 4361; x_wconf 83' lang='lat' dir='ltr'>ad</span> <span class='ocrx_word' id='word_1_306' title='bbox 749 4308 847 4360; x_wconf 90' lang='lat' dir='ltr'>hoc</span> <span class='ocrx_word' id='word_1_307' title='bbox 895 4306 1285 4376; x_wconf 88' lang='lat' dir='ltr'>hinzudichtet,</span> <span class='ocrx_word' id='word_1_308' title='bbox 1334 4309 1526 4364; x_wconf 86' lang='lat' dir='ltr'>ebenso</span> <span class='ocrx_word' id='word_1_309' title='bbox 1576 4316 1769 4377; x_wconf 85' lang='lat' dir='ltr'>streng</span> <span class='ocrx_word' id='word_1_310' title='bbox 1816 4325 1886 4362; x_wconf 90' lang='lat' dir='ltr'>an</span> <span class='ocrx_word' id='word_1_311' title='bbox 1935 4308 2021 4361; x_wconf 88' lang='lat' dir='ltr'>die</span> <span class='ocrx_word' id='word_1_312' title='bbox 2070 4325 2244 4378; x_wconf 85' lang='lat' dir='ltr'>ganze</span> <span class='ocrx_word' id='word_1_313' title='bbox 2282 4309 2565 4378; x_wconf 88' lang='lat' dir='ltr'>Analogie,</span> <span class='ocrx_word' id='word_1_314' title='bbox 2616 4310 2666 4361; x_wconf 92' lang='lat' dir='ltr'>d.</span> <span class='ocrx_word' id='word_1_315' title='bbox 2715 4309 2765 4361; x_wconf 91' lang='lat' dir='ltr'>h.</span> <span class='ocrx_word' id='word_1_316' title='bbox 2814 4307 2995 4361; x_wconf 85' lang='lat' dir='ltr'>kleine</span> 
     </span>
     <span class='ocr_line' id='line_1_39' title="bbox 633 4381 2788 4462; baseline 0.001 -17"><span class='ocrx_word' id='word_1_317' title='bbox 633 4392 871 4446; x_wconf 83' lang='lat' dir='ltr'>Zutaten</span> <span class='ocrx_word' id='word_1_318' title='bbox 907 4392 1032 4461; x_wconf 84' lang='lat' dir='ltr'>gibt</span> <span class='ocrx_word' id='word_1_319' title='bbox 1067 4409 1122 4447; x_wconf 84' lang='lat' dir='ltr'>es</span> <span class='ocrx_word' id='word_1_320' title='bbox 1159 4395 1427 4449; x_wconf 85' lang='lat' dir='ltr'>durchaus</span> <span class='ocrx_word' id='word_1_321' title='bbox 1464 4412 1566 4448; x_wconf 91' lang='lat' dir='ltr'>nur</span> <span class='ocrx_word' id='word_1_322' title='bbox 1604 4394 1679 4448; x_wconf 92' lang='lat' dir='ltr'>im</span> <span class='ocrx_word' id='word_1_323' title='bbox 1715 4394 1848 4449; x_wconf 87' lang='lat' dir='ltr'>Sinn</span> <span class='ocrx_word' id='word_1_324' title='bbox 1883 4395 1994 4447; x_wconf 91' lang='lat' dir='ltr'>und</span> <span class='ocrx_word' id='word_1_325' title='bbox 2030 4394 2185 4448; x_wconf 84' lang='lat' dir='ltr'>Geist</span> <span class='ocrx_word' id='word_1_326' title='bbox 2221 4395 2315 4447; x_wconf 86' lang='lat' dir='ltr'>der</span> <span class='ocrx_word' id='word_1_327' title='bbox 2338 4381 2788 4462; x_wconf 63' lang='lat' dir='ltr'>Uberlieferung’.</span> 
     </span>
    </p>
   </div>
   <div class='ocr_carea' id='block_1_7' title="bbox 3416 501 3440 5074">
    <p class='ocr_par' dir='ltr' id='par_1_14' title="bbox 3416 501 3440 5074">
     <span class='ocr_line' id='line_1_40' title="bbox 3416 501 3440 5074; baseline 0 0"><span class='ocrx_word' id='word_1_328' title='bbox 3416 501 3440 5074; x_wconf 95' lang='lat' dir='ltr'> </span> 
     </span>
    </p>
   </div>
  </div>
 </body>
</html>
