3475 5118
498 425 607 513 55]
1323 425 1406 480 De
1440 431 1775 481 mortuorum
1810 425 2008 481 iudicio
2759 431 2843 496 87

502 618 645 665 cum
693 601 779 664 ad
838 598 1084 664 inferos
1143 597 1454 681 venisset,
1499 618 1540 664 a
1584 599 1847 664 Pedone
1891 599 2197 680 Pompeio
2257 602 2344 666 ad
2400 601 2688 666 Aeacum
2747 607 2851 668 est

503 705 766 767 ductus:
819 701 937 784 „In
980 700 1084 766 ius
1130 719 1370 784 eamus,
1415 720 1535 783 ego
1580 701 1707 767 tibi
1751 701 1861 767 hic
1905 703 2102 768 sellas
2161 705 2560 769 ostendam“.
2646 704 2851 770 Ducit

500 804 682 870 illum
744 807 828 868 ad
886 803 1178 869 tribunal
1239 803 1476 870 Aeaci:
1537 804 1596 869 is
1655 805 1804 888 lege
1849 805 2165 887 Cornelia,
2225 824 2390 887 quae
2451 809 2531 871 de
2591 806 2849 873 sicariis

499 907 640 972 lata
685 911 804 990 est,
851 908 1224 988 quaerebat.
1313 906 1621 989 postulat,
1679 926 1914 973 nomen
1960 907 2101 973 eius
2146 907 2443 991 recipiat,
2503 908 2641 975 edit
2699 910 2849 975 sub-

502 1008 949 1090 scriptionem:
1017 1009 1261 1074 occisos
1320 1014 1658 1075 senatores
1702 1010 1924 1092 XXX,
1985 1010 2254 1091 equites·
2298 1011 2373 1076 R.
2420 1010 2537 1093 CC,
2597 1017 2848 1078 ceteros

502 1111 790 1177 CCXXI.
880 1112 1294 1177 Advocatum
1338 1131 1466 1177 non
1511 1112 1783 1178 invenit.
1856 1115 2124 1177 tandem
2162 1113 2460 1193 procedit
2503 1114 2574 1179 P.
2619 1114 2848 1180 Petro-

502 1215 669 1297 nius,
713 1219 909 1281 vetus
955 1214 1292 1281 convictor
1334 1214 1475 1280 eius
1521 1266 1534 1280 .
1581 1267 1594 1280 .
1643 1219 1710 1280 et
1769 1216 2062 1296 postulat
2123 1214 2633 1282 advocationem.
2721 1235 2849 1282 non

503 1320 731 1399 datur3
776 1322 1047 1383 accusat
1090 1318 1268 1383 Pedo
1314 1317 1662 1398 Pompeius
1707 1317 1966 1400 magnis
2012 1317 2424 1401 clamoribus,
2470 1318 2706 1400 incipit
2734 1339 2849 1400 pa·

503 1425 730 1489 tronus
796 1420 969 1486 velle
1035 1423 1446 1501 respondere.
1535 1421 1799 1485 Aeacus
1860 1472 1873 1485 .
1928 1471 1941 1484 .
1999 1425 2191 1486 vetat
2257 1425 2324 1486 et
2389 1421 2573 1486 illum
2637 1423 2851 1487 altera

498 1528 719 1589 tamen
750 1528 943 1604 parte
974 1523 1207 1589 audita
1253 1525 1641 1589 condemnat
1673 1528 1742 1588 et
1786 1523 1914 1589 ait:
1958 1519 2055 1586 Αἵ
2079 1545 2150 1586 κε
2188 1524 2406 1586 πάθοι
2447 1525 2528 1587 τά
2555 1520 2612 1586 τ’
2657 1519 2849 1609 ἔρεξε,

500 1624 640 1711 δίκη
679 1624 937 1690 κ’ἰθεῖα
976 1629 1220 1708 γένοιτο
1267 1677 1280 1691 .
1326 1677 1340 1690 .
1387 1678 1400 1691 .
1446 1677 1460 1690 .
1511 1625 1612 1690 1)6
1672 1644 1917 1708 genere
1960 1644 2208 1707 poenae
2267 1627 2380 1691 diu
2442 1625 2849 1707 disputatum

499 1733 601 1795 est
646 1781 660 1794 .
705 1781 719 1795 .
766 1730 930 1794 Tum
990 1730 1249 1794 Aeacus
1310 1729 1495 1794 iubet
1538 1728 1688 1795 ...'
1734 1733 1804 1793 et
1846 1748 1902 1809 q.
1949 1748 1997 1794 s,
2087 1728 2229 1794 Iam
2286 1733 2497 1794 totum
2556 1727 2850 1795 tribunal

503 1850 537 1897 e
573 1832 866 1898 Romano
897 1830 1038 1898 soro
1068 1834 1154 1897 ad
1183 1830 1429 1897 inferos
1457 1832 1806 1897 transtulit
1836 1831 2101 1897 Seneca.
2188 1832 2357 1897 Nam
2401 1832 2634 1915 omnia,
2681 1850 2850 1913 quae

498 1935 680 2000 modo
710 1934 1003 2016 legimuS‚
1047 1934 1484 2000 Romanorum
1513 1934 1744 1999 iudicii
1775 1938 1932 1999 sunt
1962 1934 2244 2015 propria.
2333 1935 2441 1998 Ita
2472 1933 2848 2016 postulatiO,

498 2036 774 2102 nominis
861 2035 1106 2101 delatio
1173 2042 1242 2102 et
1308 2037 1600 2118 acceptio
1679 2037 2051 2121 (receptio),
2134 2036 2366 2102 deinde
2450 2036 2849 2117 subscriptio

498 2138 1087 2222 („Klageschrift“)
1157 2143 1224 2204 et
1268 2139 1722 2206 advocationis
1773 2139 2129 2221 postulatio
2172 2156 2367 2206 voces
2413 2157 2672 2220 semper
2715 2139 2848 2204 usi-

497 2246 684 2307 tatae
729 2246 917 2307 erant
961 2244 1047 2306 ad
1092 2241 1535 2323 designandas
1596 2242 2048 2322 quaestionum
2097 2246 2564 2323 perpetuarum
2623 2245 2848 2322 partes

498 2343 866 2426 singulas.1)
912 2345 1038 2410 Ille
1061 2363 1297 2411 versus
1328 2349 1547 2411 autem
1584 2341 1680 2407 Αἵ
1718 2367 1791 2407 κε
1817 2344 2038 2407 πάθοι
2072 2344 2199 2409 iam
2247 2343 2612 2424 antiquitus
2657 2348 2849 2409 notus

500 2446 699 2512 etiam
729 2447 799 2512 in
823 2446 1109 2512 Senecae
1132 2448 1324 2513 Herc.
1354 2447 1629 2513 1111735
1653 2447 1841 2513 nobis
1873 2452 2277 2513 occurrerat:
2319 2446 2544 2530 “Quod
2576 2447 2850 2527 quisque

497 2548 673 2633 fecit,
703 2549 1020 2631 patitur“.
1112 2549 1531 2618 Adscribitur
1574 2556 1794 2617 autem
1838 2551 2004 2616 haec
2049 2549 2378 2617 sententia
2424 2569 2464 2614 a
2507 2548 2849 2616 veteribus

496 2652 1076 2738 Rhadamanthff)

670 2755 799 2821 Sed
845 2775 1236 2838 quamquam
1281 2756 1349 2821 in
1393 2759 1513 2822 hoc
1570 2758 1722 2823 ludo
1783 2760 2044 2823 Aeacus
2096 2755 2417 2822 tribunali
2474 2754 2849 2836 praefectus

500 2864 633 2942 est,
695 2864 912 2925 tamen
990 2860 1274 2925 Minoem
1350 2878 1601 2940 quoque
1659 2878 1785 2924 non
1853 2878 2120 2941 prorsus
2181 2858 2441 2925 silentio
2501 2855 2849 2938 praeteriit

500 2962 763 3044 Seneca,
795 2962 906 3042 qui
937 2961 1003 3027 in
1030 2963 1226 3027 nenia
1268 2962 1538 3028 Claudio
1579 2962 1759 3027 dicta
1796 2981 1847 3027 c.
1879 2962 2033 3044 XII,
2063 2982 2125 3027 v.
2152 2963 2231 3027 19
2257 2980 2395 3042 sqq.
2425 2961 2587 3025 haec
2616 2959 2847 3024 habet:

1013 3081 1245 3148 deflete
1289 3081 1504 3147 virum
1554 3101 1677 3162 quo
1722 3100 1852 3147 non
1895 3081 2063 3147 alius

1011 3184 1228 3265 potuit
1287 3184 1484 3249 citius
1532 3184 1785 3249 discere
1851 3203 2104 3267 causaS‚

1014 3306 1174 3352 una
1238 3292 1382 3370 tan
1401 3292 1567 3352 tum
1613 3292 1810 3368 parte
1859 3289 2091 3354 audita

1012 3407 1212 3469 saepe
1256 3394 1508 3455 neutra.
1556 3390 1701 3470 quis
1764 3409 1935 3456 nunc
1994 3390 2192 3454 iudex

1010 3498 1147 3557 toto
1191 3490 1347 3557 lites
1394 3492 1617 3557 audiet
1665 3512 1833 3558 anno
1851 3493 1883 3559 ’ἓ

1010 3594 1177 3659 tibi
1223 3593 1382 3658 iam
1439 3597 1689 3660 cedet
1733 3597 1931 3660 sede
1990 3592 2314 3659 relicta

676 3730 715 3795 1)
751 3729 1092 3783 Testimonia
1117 3730 1341 3797 praebet
1365 3730 1406 3782 Z
1421 3746 1523 3783 um
1539 3746 1572 3797 p
1588 3731 1646 3783 ti
1662 3747 1696 3783 u
1711 3747 1763 3798 s,
1789 3731 1899 3783 Der
1922 3729 2389 3797 Kriminalprozess
2413 3728 2449 3781 i.
2476 3728 2526 3781 d.
2564 3732 2692 3781 16111.
2719 3726 2851 3793 Rep.

501 3832 551 3882 p.
592 3814 705 3882 133,
742 3815 859 3883 142,
896 3815 1014 3869 145.
1086 3815 1224 3870 Vide
1261 3816 1426 3870 etiam
1462 3816 1994 3884 Buechelerum‚
2033 3815 2162 3870 Divi
2202 3815 2280 3868 Cl.
2307 3815 2470 3881 Apoc.
2507 3813 2585 3881 (in
2620 3811 2851 3880 Symbol.

499 3900 629 3968 phil.
667 3901 838 3954 Bonn.
875 3900 932 3954 in
970 3901 1090 3954 hon.
1128 3900 1417 3955 Ritschelii
1451 3901 1497 3968 Ι)
1534 3918 1590 3969 p.
1624 3900 1706 3953 69.

680 3986 722 4053 ²)
759 3986 897 4039 Vide
934 3986 1000 4039 R.
1025 3986 1229 4054 Hirzel‚
1266 3987 1377 4040 Der
1400 3986 1504 4058 Eid
1529 4003 1580 4055 p.
1605 3986 1688 4039 90.
1760 3986 1841 4040 De
1866 3985 2152 4040 Claudiani
2187 3987 2300 4040 loco
2326 3984 2492 4038 simili
2513 3983 2657 4037 infra
2692 3998 2852 4050 agam

500 4086 550 4137 p.
576 4070 657 4123 91.
685 4100 749 4108 —
776 4071 1075 4125 Adeundus
1102 4071 1268 4125 etiam
1292 4072 1451 4125 Plato
1470 4071 1529 4125 in
1553 4072 1726 4140 Legg.
1753 4072 1834 4125 IX
1859 4088 1910 4140 p.
1936 4071 2126 4125 872E:
2165 4068 2194 4121 ὁ
2221 4070 2326 4137 γὰρ
2352 4067 2418 4133 δὴ
2442 4070 2623 4134 μῦθος
2647 4064 2676 4131 ἢ
2702 4064 2853 4135 λόγος

499 4149 532 4219 ἢ
570 4172 653 4206 οτι
686 4154 786 4226 χρὴ
832 4156 1259 4225 προσαγορεύειν
1295 4154 1462 4208 αὐτὸν
1499 4156 1555 4205 ἐκ
1589 4155 1842 4209 παλαιῶν
1867 4158 2058 4225 ἱερέων
2080 4157 2286 4224 εἴρηται
2322 4156 2517 4224 σαφῶς,
2568 4151 2639 4206 ὥς
2673 4150 2704 4216 ἧ
2740 4152 2853 4201 τῶν

502 4242 773 4310 συγγενῶν
797 4238 1044 4306 αἱμάτων
1076 4239 1314 4311 τιμωρὸς
1350 4238 1461 4305 δίκη
1511 4242 1798 4296 ἐπίσκοπος
1832 4242 1990 4309 νόμω
2017 4243 2216 4311 χρῆται
2247 4242 2330 4304 τῷ
2365 4242 2468 4291 νῦν
2505 4236 2567 4303 δὴ
2603 4235 2852 4300 λεχθέντι

501 4328 590 4375 καὶ
635 4323 819 4383 ἔταξεν
855 4323 960 4396 ἄρα
1009 4323 1349 4395 δράσαντί
1397 4346 1463 4378 τι
1496 4325 1574 4379 τὸ
1608 4330 1942 4380 τοιοῦτον
1986 4326 2248 4378 παθεῖν
2295 4323 2511 4376 ταύτὰ
2556 4321 2854 4391 ἀναγκαίως

502 4406 639 4478 ἅπερ
678 4408 914 4477 ἔδρασεν.
