3475 5118
426 438 537 524 59]
1255 438 1338 491 De
1374 442 1710 492 mortuorum
1746 437 1945 491 iudicio
2695 441 2775 506 91

718 607 1149 673 circumstant
1192 606 1498 689 nigrique
1543 608 1824 672 trahunt
1872 611 1957 672 ad
2004 607 2240 674 iudicis
2286 627 2517 675 urnam

570 721 674 776 460
716 709 958 776 infesto
1004 709 1275 775 fremitu
1321 760 1334 774 .
1381 761 1393 774 .
1441 761 1455 774 .
1501 759 1516 774 .

569 824 671 878 476
1499 863 1512 877 .
1561 863 1575 877 .
1622 864 1635 877 .
1684 812 2039 894 Quaesitor
2081 812 2152 878 in
2199 814 2335 878 alto

717 915 1102 997 conspicuus
1148 914 1309 980 solio
1355 918 1764 995 pertemptat
1810 914 2087 979 crimina
2130 915 2347 981 Minos

720 1025 788 1084 et
832 1017 1028 1084 iustis
1077 1017 1327 1083 dirimit
1372 1023 1611 1084 sontes,
1701 1017 1879 1100 Quos
1924 1018 2098 1083 nolle
2143 1018 2343 1084 fateri

720 1119 984 1203 viderit,
1031 1122 1115 1185 ad
1159 1119 1364 1203 rigidi
1407 1119 1811 1185 transmittit
1855 1121 2139 1186 verbera
2184 1120 2435 1204 fratriS,
2628 1207 2633 1212 ι

569 1234 672 1289 480
716 1243 865 1288 nam
911 1223 1100 1289 iuxta
1146 1223 1690 1288 Rhadamanthus
1737 1222 1897 1305 agit.
1987 1222 2143 1288 Cum
2189 1229 2382 1306 gesta
2426 1224 2692 1306 superni

718 1325 1030 1392 curriculi
1073 1330 1376 1406 totosque
1404 1325 1536 1391 ‘diu
1581 1325 1997 1407 perspexerit
2044 1331 2231 1391 actus

722 1433 1051 1509 exaequat
1095 1429 1399 1494 damnum
1445 1428 1704 1494 meritis
1752 1480 1765 1493 .
1813 1475 1826 1490 .
1876 1480 1888 1494 .
1936 1428 2008 1514 .1)

600 1582 790 1649 Etin
835 1583 1114 1663 Raptu
1153 1583 1731 1665 Proserpinae
1769 1583 1839 1647 H
1884 1584 2105 1667 (carm.
2149 1583 2439 1668 XXXV)
2483 1584 2609 1651 302
2641 1602 2783 1665 sqq.

432 1689 620 1752 deam
663 1685 760 1751 ita
806 1684 1192 1766 alloquitur:

1336 1840 1351 1854 .
1398 1841 1410 1853 .
1456 1793 1529 1853 tu
1578 1792 1972 1855 damnatura
2015 1795 2327 1855 nocentes

839 1895 916 1955 tu
959 1890 1251 1971 requiem
1297 1891 1518 1956 latura
1562 1891 1711 1974 piiS,
1756 1896 1825 1957 te
1870 1892 2087 1957 iudice
2137 1897 2358 1958 sontes

838 1994 1137 2074 improba
1182 1999 1499 2075 cogentur
1542 1994 1725 2060 vitae
1771 1994 2115 2060 commissa
2159 1994 2380 2060 fateri.

605 2129 856 2194 Ibidem
886 2148 946 2196 v.
978 2130 1105 2195 330
1128 2150 1267 2212 sqq.
1299 2151 1443 2196 cum
1475 2130 1714 2197 Orcum
1746 2131 2002 2196 intrant
2032 2132 2226 2197 Pluto
2258 2137 2326 2197 et
2355 2132 2786 2214 Proserpina:

1574 2251 1779 2316 Erebi
1823 2270 1894 2317 se
1940 2256 2171 2332 sponte
2217 2253 2481 2317 relaxat

740 2355 1007 2433 squalor
1047 2358 1114 2418 et
1160 2357 1498 2418 aeternam
1543 2354 1802 2434 patitur
1846 2372 2183 2420 rarescere
2226 2359 2497 2437 noctem,

737 2475 907 2521 urna
951 2475 1072 2521 nec
1117 2455 1407 2521 incertas
1451 2461 1683 2522 versat
1729 2456 1977 2522 Minoia
2023 2463 2233 2523 sortes
2282 2509 2294 2521 .
2341 2509 2354 2522 .

604 2611 830 2691 Neque
847 2611 1203 2693 quidquam
1227 2610 1394 2677 facit
1418 2614 1503 2676 ad
1518 2613 1635 2676 hos
1653 2631 1884 2679 versus
1903 2613 2341 2696 explicandOS,
2361 2618 2578 2679 utrum
2598 2612 2787 2678 Clau·

438 2713 672 2779 dianus
719 2713 1240 2780 Christianorum
1286 2714 1439 2780 fidei
1485 2714 1791 2780 addictus
1823 2714 2026 2780 fuerit
2069 2736 2290 2797 necne,
2336 2736 2488 2781 nam
2521 2715 2590 2780 in
2622 2735 2787 2781 com-

435 2815 752 2896 ponendis
770 2815 903 2881 illis
922 2816 1320 2882 carminibus
1336 2822 1593 2882 tantum
1619 2817 2035 2897 antiquorum
2054 2824 2315 2884 secutus
2333 2822 2436 2883 est
2453 2816 2789 2899 opiniones

438 2921 518 2984 de
562 2917 918 2984 inferorum
963 2918 1288 2984 tribunali
1331 2919 1636 2985 traditas,
1723 2920 2004 2986 Animae
2051 2939 2288 3003 eorum,
2334 2920 2446 3001 qui
2485 2940 2525 2985 a
2555 2919 2789 2986 Rufino

437 3026 592 3086 sunt
635 3019 989 3102 interfecti,
1036 3026 1286 3088 sontem
1319 3025 1404 3086 ad
1434 3021 1672 3087 iudicis
1702 3022 1906 3105 rigidi
1937 3022 2207 3103 rapiunt
2250 3042 2500 3104 urnam,
2545 3022 2586 3088 i.
2618 3041 2670 3087 e.
2703 3025 2789 3087 ad

437 3122 735 3205 Minoem,
780 3123 892 3203 qui
936 3123 1042 3189 hic
1088 3143 1342 3205 quoque
1389 3124 1785 3204 quaesitoris
1829 3125 1975 3191 vice
2020 3125 2335 3207 fungitur.
2410 3125 2540 3208 Qui
2585 3124 2789 3191 fateri

436 3225 669 3291 nolunt
712 3245 841 3291 non
901 3245 941 3290 a
986 3226 1212 3292 Furiis
1257 3230 1371 3293 sed
1419 3246 1459 3291 a
1502 3227 2011 3293 Rhadamantho
2057 3227 2244 3293 iuxta
2304 3233 2544 3311 agente
2591 3227 2790 3293 casti·

438 3334 700 3409 gantur,
759 3333 836 3394 ut
892 3348 1121 3395 verum
1168 3330 1449 3395 edicant.
1552 3331 1633 3395 In
1690 3331 1817 3395 hac
1871 3330 2100 3395 iudicii
2145 3337 2338 3412 parte
2387 3330 2790 3396 Claudianus

438 3430 803 3513 Vergilium
845 3432 1144 3498 imitatus
1189 3433 1421 3515 omnia,
1468 3452 1637 3513 quae
1681 3433 1975 3515 protulit,
2017 3433 2231 3498 traxit
2275 3453 2311 3499 e
2354 3433 2791 3498 Romanorum

438 3552 630 3598 more.
734 3534 956 3599 Verba
1016 3540 1235 3600 autem
1295 3541 1721 3615 exaequat
1782 3538 2150 3600 damnum
2195 3535 2498 3601 merito
2546 3554 2661 3600 cur
2706 3538 2792 3600 ad

440 3636 1012 3702 Rhadamanthum
1044 3642 1355 3718 spectent,
1385 3638 1615 3702 statim
1659 3637 2134 3720 intellegemuS,
2180 3657 2323 3703 cum
2355 3656 2590 3719 eorum,
2622 3656 2792 3716 quae

441 3754 638 3818 supra
653 3758 714 3819 p.
732 3740 814 3804 48
833 3741 1093 3805 adnot.2
1112 3739 1205 3821 (et
1219 3741 1390 3824 p.87)
1409 3739 1709 3820 exposita
1727 3744 1897 3822 sunt,
1915 3740 2411 3805 meminerimus
2442 3740 2578 3805 Nec
2601 3745 2793 3820 puta-

444 3840 647 3905 verim
670 3841 1118 3925 Claudianum,
1143 3841 1200 3906 si
1224 3841 1369 3907 inR
1386 3862 1425 3906 a
1443 3862 1484 3923 p
1501 3846 1532 3906 t
1550 3861 1591 3907 u
1614 3844 1668 3906 P
1685 3864 1719 3906 r
1735 3861 1771 3908 o
1787 3861 1817 3907 s
1834 3842 2065 3924 erpin
2080 3863 2119 3907 a
2135 3862 2170 3908 e
2193 3843 2504 3908 iudicium
2525 3846 2604 3909 de
2628 3863 2792 3908 mor-

441 3942 574 4008 tuis
599 3943 1077 4009 instituendum
1110 3944 1541 4009 committitur
1572 3964 1612 4008 a
1635 3945 1933 4028 Plutone,
1965 3945 2297 4011 doctrinas
2331 3964 2474 4011 esse
2499 3950 2792 4011 secutum

442 4044 627 4110 hobis
687 4047 901 4112 adhuc
945 4047 1229 4130 ignotaS,
1296 4050 1411 4112 sed
1457 4067 1599 4112 cum
1645 4067 1763 4113 rex
1808 4048 2183 4113 umbrarum
2228 4048 2506 4113 maximo
2553 4049 2792 4114 honore

444 4148 647 4213 vellet
719 4169 955 4216 ornare
1019 4169 1283 4215 uxorem
1343 4153 1527 4215 modo
1600 4150 1669 4215 in
1727 4150 2213 4216 matrimonium
2275 4153 2567 4232 ductam,
2646 4170 2791 4215 con-

445 4255 828 4317 sentaneum
861 4258 1008 4319 erat
1033 4273 1175 4319 eam
1201 4257 1275 4318 ut
1305 4254 1497 4334 regni
1528 4254 1631 4319 sui
1653 4254 1754 4318 ita
1779 4258 1847 4318 et
1877 4252 2103 4318 iudicii
2133 4251 2523 4333 participem
2554 4252 2792 4318 facere.

616 4422 654 4490 ¹)
693 4422 773 4476 De
811 4423 889 4476 eis
926 4439 1064 4490 quae
1101 4430 1406 4492 sequuntur
1440 4423 1685 4477 versibus
1723 4423 1887 4477 adeas
1922 4438 2086 4489 supra
2120 4421 2381 4489 paginam
2417 4419 2499 4474 67.
