3475 5118
638 408 722 473 34
1696 402 1759 455 L.
1795 400 1943 455 Ruhl
2093 429 2099 434 ·
2922 402 2989 488 [2

639 576 770 642 erit
811 575 1190 657 diiudicata,
1235 593 1379 640 cum
1423 575 1504 639 de
1551 572 1865 638 eiusmodi
1925 571 2404 637 sententiarum
2449 570 2799 639 diffusione
2842 589 2992 638 nus·

638 698 829 761 quam
886 680 1285 744 edoceamur.
1386 675 1485 741 Ac
1542 673 1781 741 Graeci
1842 673 2102 754 quidem
2149 677 2219 739 et
2262 692 2485 739 omnes
2546 673 2689 739 fere
2745 674 2992 740 colores

641 787 711 848 et
752 785 959 847 totam
1016 779 1204 845 nobis
1261 779 1583 860 praebent
1642 776 2003 859 materiam,
2061 775 2339 841 Romani
2397 780 2617 841 autem
2675 775 2995 842 imitando

638 884 846 967 magis
890 902 1085 964 quam
1136 901 1217 947 ex
1266 880 1432 962 ipsis
1482 879 1843 945 hauriendo
1888 882 2115 962 agunt,
2170 880 2320 943 dum
2365 878 2625 944 illorum
2668 877 2992 961 imagines

639 991 957 1053 conantur
984 987 1277 1067 reddere,
1322 1001 1710 1064 quamquam
1741 1000 1825 1048 ne
1857 981 1953 1047 eis
1998 981 2258 1062 quidem
2297 980 2552 1046 omnino
2585 983 2812 1047 deesse
2843 999 2991 1063 pro-

637 1090 817 1173 prias
862 1087 1266 1171 cognitiones
1311 1084 1695 1154 videbimus.

1786 1241 1821 1305 I

809 1381 949 1446 Iam
1008 1380 1092 1445 ad
1148 1397 1285 1444 rem
1341 1378 1549 1459 ipsam
1607 1378 2073 1461 aggrediamur
2138 1381 2208 1443 et
2271 1382 2632 1459 temporum
2701 1375 2993 1440 ordinem

640 1501 992 1566 servemus,
1051 1483 1200 1547 dum
1245 1480 1525 1562 primum
1571 1480 2000 1563 Odysseae
2044 1498 2306 1545 carmen
2349 1480 2473 1545 XI.
2517 1483 2764 1545 testem
2809 1476 2993 1543 audi-

639 1605 796 1652 mus,
883 1585 1194 1667 Legimus
1240 1581 1411 1649 enim
1457 1603 1519 1651 v.
1563 1583 1688 1648 567
1711 1602 1881 1664 sqq.:

943 1702 1126 1768 Ἔνθ’
1167 1703 1307 1788 ἢτοι
1346 1705 1572 1766 Μίνωα
1614 1701 1775 1775 >ι’ὅον,
1822 1702 1980 1777 Διὸς
2024 1699 2258 1784 ἀγλαὸν
2300 1700 2455 1773 υἱόν,

946 1807 1210 1891 χρύσεον
1254 1814 1573 1891 σκῆπτρον
1616 1801 1859 1883 ἔχοντα,
1905 1805 2368 1885 θεμιστεύοντα
2412 1806 2724 1874 νέκυσσιν,

945 1908 1188 1994 ἥμενον,
1237 1907 1299 1971 οἱ
1344 1906 1419 1970 δέ
1457 1931 1568 1989 μιν
1612 1905 1786 1992 ἀμφὶ
1832 1905 2016 1982 δίκας
2059 1903 2303 1991 εἴροντο
2349 1904 2588 1969 ἄνακτα

943 2009 1165 2096 ἥμενοι
1207 2009 1496 2086 ἑσταότες
1536 2031 1621 2092 τε,
1668 2008 1806 2072 κατ’
1850 2007 2198 2093 εὐρυπυλὲς
2233 2005 2436 2085 Ἄϊδος
2480 2006 2591 2070 δῶ.

813 2130 942 2196 Sed
972 2148 1330 2213 caveamuS,
1359 2148 1442 2195 ne
1473 2128 1760 2195 Minoem
1790 2131 1964 2210 apud
1991 2128 2236 2195 inferos
2268 2130 2348 2195 de
2377 2131 2576 2194 rebus
2609 2129 2692 2195 ab
2724 2127 2997 2193 homini-

639 2234 760 2300 bus
784 2252 987 2314 supra
1009 2235 1258 2297 terram
1287 2232 1491 2314 gestis
1519 2233 1814 2298 iudicare
1844 2237 2165 2316 putemus,
2202 2251 2352 2297 nam
2383 2234 2589 2298 verba
2619 2231 2739 2296 illa
2769 2233 2994 2311 θεμισ-

638 2337 898 2399 τεύοντα
928 2337 1210 2397 νέκυσσιν
1239 2336 1322 2400 ad
1352 2353 1574 2417 regem
1609 2339 1933 2417 spectant,
1965 2334 2077 2416 qui
2108 2336 2278 2415 quod
2320 2336 2496 2416 apud
2527 2352 2798 2415 superos
2826 2333 2997 2399 iudi-

642 2437 833 2503 candi
878 2442 980 2503 est
1023 2435 1285 2502 functus
1335 2455 1620 2519 munere,
1663 2438 1843 2502 inter
1887 2443 2172 2502 mortuos
2218 2455 2468 2518 quoque
2516 2436 2774 2519 insigne
2832 2435 2995 2500 illud

643 2538 925 2606 officium
967 2539 1318 2626 retinuit.1)
1404 2540 1506 2605 De
1551 2539 1781 2605 ultimo
1841 2541 2010 2620 quod
2056 2538 2284 2605 dicunt
2327 2538 2569 2605 iudicio
2615 2539 2786 2605 nihil
2831 2557 2996 2605 com-

642 2644 928 2725 perimus
950 2663 1161 2725 neque
1185 2643 1461 2709 hocloco
1502 2661 1709 2723 neque
1749 2645 1923 2724 apud
1955 2660 2063 2708 eos
2086 2642 2531 2725 posteriorum,
2578 2642 2690 2723 qui
2712 2643 2997 2708 Homero

642 2751 908 2813 auctore
977 2745 1086 2809 τὸν
1142 2747 1359 2809 Μίνων
1428 2745 1933 2812 nominaverunt
2008 2739 2071 2808 ἓν
2141 2741 2343 2809 Ἅιδου
2405 2743 2776 2824 δικάζοντας
2844 2744 2998 2809 Pla-

641 2849 814 2915 tonis
858 2848 968 2930 qui
992 2848 1223 2916 *fertur
1253 2848 1534 2914 Minoem
1571 2868 1633 2930 p.
1663 2847 1863 2913 319D
1909 2848 2051 2914 dico
2098 2853 2166 2915 et
2196 2848 2511 2915 Oenomai
2558 2847 2684 2930 frg.
2733 2849 2768 2912 1
2815 2846 2999 2931 (Frg.

642 2950 867 3033 philos.
913 2950 1144 3017 Graec.
1189 2952 1285 3015 ed.
1315 2949 1602 3016 Mullach
1633 2951 1722 3033 II,
1780 2970 1840 3032 p.
1886 2949 2054 3034 361).
2129 2951 2469 3032 Sceptrum
2523 2968 2681 3018 vero
2727 2967 2999 3014 aureum

645 3071 726 3118 ex
766 3052 1032 3117 Homeri
1075 3070 1273 3118 versu
1318 3052 1790 3134 deprompsisse
1850 3051 1964 3132 qui
2022 3056 2254 3133 postea
2312 3056 2430 3117 aut
2489 3051 2818 3133 pingendo
2880 3054 2998 3114 aut

644 3156 1006 3220 enarrando
1046 3153 1400 3234 inferorum
1452 3154 1746 3220 tribunal
1789 3154 1920 3219 sibi
1950 3153 2280 3220 finxerunt
2326 3157 2526 3233 atque
2557 3152 2767 3218 Minoi
2800 3151 2993 3217 attri-

644 3256 860 3324 buisse
904 3261 1063 3321 tunc
1105 3275 1178 3322 re
1221 3275 1383 3323 vera
1413 3257 1590 3323 vitae
1620 3275 1821 3337 supra
1852 3260 2094 3321 terram
2124 3261 2432 3337 peractae
2477 3254 2680 3320 iudici
2728 3254 2835 3321 hic
2863 3254 2997 3320 iam

642 3359 802 3425 mihi
844 3359 1043 3425 liceat
1087 3377 1601 3425 commemorare.

1788 3494 1860 3560 Π

817 3615 944 3681 Sed
995 3633 1076 3680 ex
1122 3614 1480 3680 Pindari
1521 3614 1808 3681 carmine
1854 3614 2169 3697 olympico
2216 3615 2303 3698 II,
2361 3616 2445 3681 56
2492 3634 2629 3696 sqq.
2711 3614 2995 3680 Theroni

645 3716 1225 3800 Agrigentinorum
1243 3721 1524 3798 tyranno
1541 3716 1846 3782 dedicato
1863 3718 1983 3783 sub
2008 3721 2192 3782 terra
2215 3735 2355 3782 esse
2370 3716 2652 3782 iudicem
2682 3717 3001 3798 audimuS,

646 3820 752 3885 cui
793 3818 1115 3884 rationem
1161 3820 1318 3884 dent
1359 3824 1776 3899 peccatorum
1820 3818 2113 3885 homines
2157 3835 2422 3883 necesse
2466 3822 2607 3883 est:

851 3936 1044 4025 ἀστὴρ
1089 3936 1404 4024 ἀρίζηλος,
1450 3936 1849 4019 ἒτυμώτατον

850 4038 1031 4127 ἀνδρὶ
1075 4043 1327 4125 φέγγος,
1375 4038 1431 4103 εἰ
1476 4039 1550 4104 δέ
1591 4062 1686 4104 νιν
1729 4037 1891 4121 ἔχων
1932 4063 2031 4117 τις
2075 4035 2244 4104 οἶδεν
2289 4039 2359 4103 τὸ
2402 4039 2668 4121 μέλλον·

823 4212 864 4281 1)
901 4211 1041 4266 Vide
1074 4212 1136 4265 B.
1180 4212 1546 4281 Constant,
1583 4212 1746 4266 Dela
1780 4211 2114 4281 religionIV
2147 4228 2200 4279 p.
2224 4211 2341 4265 388.
2413 4210 2473 4264 P.
2499 4228 2550 4267 v.
2577 4212 3001 4280 Limbourg-

646 4298 1002 4365 Brouwer,
1039 4297 1282 4352 Histoire
1318 4298 1384 4352 de
1418 4297 1474 4351 la
1508 4297 1840 4353 civilisation
1875 4298 2079 4351 morale
2125 4302 2181 4352 et
2231 4297 2521 4367 religieuse
2570 4298 2664 4351 des
2714 4296 2880 4351 Grecs
2915 4296 2996 4352 VI

646 4397 698 4450 p.
735 4382 836 4435 152
871 4398 949 4449 sq.
1018 4382 1079 4435 L.
1116 4382 1452 4452 Schmidt,
1490 4383 1662 4438 Ethik
1697 4384 1747 4439 d.
1787 4400 1834 4437 a.
1873 4382 2139 4438 Griechen
2172 4384 2203 4437 I
2237 4399 2289 4452 p.
2326 4382 2529 4436 97—99
2569 4386 2625 4437 et
2663 4382 2781 4436 101.
