3475 5118
479 395 592 482 53]
1305 396 1388 451 De
1422 402 1755 451 mortuorum
1790 397 1987 453 iudicio
2751 401 2835 468 85

479 572 705 634 tamen
771 566 1129 633 inferorum
1172 567 1496 633 tribunali
1542 568 1734 649 quasi
1769 574 2149 635 ornamento
2189 589 2346 635 usus
2391 575 2495 636 est
2535 574 2621 636 ad
2652 574 2836 638 deco·

480 673 728 736 randas
800 669 1259 755 tragoedias.¹)
1369 670 1581 754 QuaS,
1663 690 1805 736 cum
1875 691 1910 737 e
1976 671 2376 738 Graecorum
2458 673 2835 740 auctoribus

477 773 762 838 haustae
808 777 1048 855 essent,
1103 772 1304 838 etiam
1349 772 1581 839 iudicii
1627 773 1965 854 opiniones
2017 792 2237 840 omnes
2274 794 2418 840 cum
2457 794 2497 840 a
2537 775 2835 859 tragicis,

481 894 642 956 quos
687 879 909 940 tamen
945 893 1192 956 paucas
1236 874 1601 941 sententias
1633 875 1830 941 huius
1875 876 2137 958 generis
2183 879 2503 957 praebere
2533 878 2835 961 vidimus,

478 981 621 1043 tum
666 978 752 1043 ab
799 977 950 1043 aliis
996 977 1392 1043 Graecorum
1439 977 1873 1058 scriptoribus
1932 979 2262 1060 recepisse
2305 979 2511 1060 primo
2572 980 2832 1061 quidem

479 1081 716 1146 obtutu
740 1079 1086 1146 coniceres.
1133 1079 1539 1145 Testimonia
1564 1085 1804 1163 autem,
1830 1100 2001 1162 quae
2024 1086 2308 1164 exstant,
2340 1101 2375 1147 e
2397 1083 2832 1150 Romanorum

478 1183 808 1250 institutis
868 1183 1080 1266 magis
1140 1188 1296 1248 sunt
1345 1188 1584 1265 tracta,
1647 1204 2041 1266 quamquam
2087 1186 2485 1252 Graecorum
2542 1187 2832 1270 vestigia

480 1305 612 1352 non
653 1305 921 1368 prorsus
965 1287 1193 1352 deesse
1237 1286 1623 1353 videbimus.
1711 1287 1856 1352 Iam
1902 1287 2167 1370 singula
2210 1307 2584 1369 proponam.

649 1407 887 1472 Herc.
933 1405 1086 1472 fur.
1134 1407 1258 1472 727
1303 1425 1442 1488 sqq.

476 1527 621 1591 Am
639 1527 792 1608 ph.:
1247 1526 1512 1591 Verane
1552 1531 1655 1592 est
1697 1526 1876 1593 fama
1919 1526 2150 1593 inferis

827 1634 965 1694 tam
1010 1647 1158 1693 sera
1202 1628 1393 1694 reddi
1438 1628 1587 1694 iura
1632 1634 1699 1694 et
1744 1629 1981 1695 oblitos
2027 1629 2130 1695 sui

826 1730 1093 1797 sceleris
1136 1736 1445 1797 nocentes
1492 1732 1757 1798 debitas
1803 1751 2049 1813 poenas
2097 1732 2305 1798 dare?

682 1844 785 1899 730
829 1833 976 1914 quis
1022 1833 1150 1898 iste
1195 1833 1342 1901 veri
1385 1839 1607 1900 rector
1649 1839 1850 1916 atque
1895 1835 2090 1916 aequi
2136 1834 2434 1901 arbiter?

511 1953 782 2019 Thes:
826 1954 969 2019 Non
1014 1972 1181 2045 unus
1228 1954 1370 2018 alta
1415 1957 1571 2019 sede
1615 1954 1951 2035 quaesitor
1995 1957 2227 2020 sedens

825 2056 1074 2122 iudicia
1116 2056 1399 2137 trepidis
1446 2075 1597 2122 sera
1640 2057 1917 2122 sortitur
1959 2057 2110 2123 reis.

828 2158 1053 2224 aditur
1097 2158 1212 2224 illo
1256 2159 1528 2224 Cnosius
1572 2159 1790 2225 Minos
1835 2159 1975 2225 foro

823 2262 1367 2328 Rhadamanthus
1413 2261 1545 2345 illo,
1590 2262 1893 2328 Thetidis
1937 2264 2058 2328 hoc
2105 2262 2294 2328 audit
2339 2281 2538 2328 socer.

679 2374 782 2429 735
827 2365 1013 2447 Quod
1059 2364 1335 2446 quisque
1376 2364 1554 2448 fecit,
1601 2364 1894 2447 patitur3
1936 2370 2267 2431 auctorem
2306 2365 2520 2432 scelus
2541 2364 2591 2450 2)

821 2467 1069 2548 repetit
1113 2486 1358 2548 suoque
1404 2468 1728 2548 premitur
1774 2469 2068 2550 exemplo
2109 2487 2379 2534 nocens:

821 2570 965 2637 vidi
1008 2576 1311 2637 cruentos
1357 2590 1621 2637 carcere
1666 2571 1915 2637 includi
1962 2575 2158 2638 duces
2203 2623 2217 2637 .
2263 2624 2277 2637 .
2323 2623 2338 2637 .

678 2683 779 2737 739
1086 2724 1101 2738 .
1147 2725 1160 2739 .
1205 2724 1219 2738 .
1264 2724 1279 2738 .
1329 2673 1627 2755 quisquis
1670 2679 1774 2739 est
1818 2674 2078 2755 placide
2127 2679 2359 2756 potens

823 2776 1247 2857 dominusque
1290 2775 1477 2842 vitae
1524 2781 1749 2844 servat
1792 2776 2105 2842 innocuas
2149 2795 2380 2842 manus
2413 2826 2428 2840 .
2474 2827 2488 2840 .
2532 2826 2565 2844 ..

677 2890 776 2942 742
1168 2929 1182 2943 .
1227 2929 1242 2943 .
1288 2929 1303 2943 .
1348 2930 1362 2944 .
1407 2879 1607 2960 longa
1650 2896 2033 2960 permensus
2079 2878 2192 2944 diu

821 2979 1037 3047 felicis
1081 2980 1234 3047 aevi
1280 2981 1505 3062 spatia
1548 2982 1658 3047 vel
1705 2982 1952 3046 caelum
1999 2981 2172 3063 petit

818 3083 929 3149 vel
970 3084 1152 3149 laeta
1195 3082 1360 3149 felix
1404 3084 1686 3149 nemoris
1732 3084 1950 3167 Elysii
1995 3085 2138 3149 loca

822 3185 1020 3251 iudex
1065 3186 1345 3252 futurus.

923 3307 1196 3389 Agam.
1243 3308 1437 3387 23sq.

460 3424 835 3507 Thyestz
868 3426 1270 3507 Reputemus
1315 3445 1553 3509 omneS,
1600 3446 1761 3508 quos
1805 3429 1885 3493 ob
1933 3427 2244 3493 infandas
2291 3445 2523 3493 manus

879 3528 1216 3609 quaesitor
1261 3547 1430 3594 urna
1475 3527 1749 3595 Cnosius
1793 3534 2024 3595 versat
2066 3548 2229 3595 reos.

940 3650 1280 3732 Thyest.
1328 3650 1408 3714 13
1453 3668 1592 3730 sqq.

459 3770 836 3836 Tantal.:
883 3821 897 3835 .
943 3821 957 3835 .
1001 3820 1015 3834 .
1061 3789 1097 3835 o
1144 3768 1534 3850 quisquis
1579 3787 1751 3834 nova

881 3871 1206 3953 supplicia
1249 3870 1496 3936 functis
1543 3873 1743 3936 durus
1792 3872 2162 3936 umbrarum
2207 3890 2249 3937 a
2267 3891 2301 3935 r
2317 3872 2360 3937 b
2376 3869 2401 3935 i
2419 3875 2450 3935 t
2465 3889 2502 3937 e
2516 3890 2552 3934 r

641 4042 683 4111 1)
719 4043 786 4097 In
821 4042 970 4096 chori
1006 4048 1191 4097 autem
1229 4042 1561 4096 carminibus
1609 4041 1811 4096 Seneca
1868 4056 2051 4094 veram
2099 4041 2167 4095 de
2213 4045 2387 4094 morte
2434 4039 2619 4108 eisque
2677 4057 2816 4109 quae

454 4132 590 4198 post
613 4143 732 4182 eam
768 4128 880 4182 sint
912 4128 1120 4183 retinet
1154 4127 1499 4196 sententiam,
1535 4132 1601 4180 ut
1635 4126 1693 4181 111
1728 4126 1923 4179 Troad.
1959 4124 2060 4178 371
2096 4141 2210 4193 sqq.
2249 4131 2306 4179 et
2340 4125 2540 4181 Phoen.
2577 4126 2820 4196 1441145.

639 4210 685 4281 2)
719 4212 947 4267 Prorsus
982 4212 1173 4267 similis
1209 4218 1294 4267 est
1329 4211 1590 4267 Octaviae
1625 4227 1677 4266 v.
1715 4209 1818 4264 629
1831 4227 1936 4278 sq.:

1015 4297 1201 4352 veniet
1236 4297 1350 4352 dies
1385 4303 1707 4364 tempusque
1742 4311 1846 4364 quo
1881 4295 2073 4350 reddet
2107 4294 2220 4350 suis

1012 4382 1249 4437 animam
1283 4387 1565 4438 nocentem
1600 4380 1905 4439 sceleribus,
