3475 5118
460 443 566 530 13]
1297 441 1379 496 De
1416 446 1750 496 mortuorum
1784 439 1983 495 iudicio
2728 438 2812 504 45

632 598 949 680 Attamen
990 612 1306 679 nonnulla
1349 611 1812 694 desideramus,
1866 629 2035 691 quae
2077 613 2163 677 ad
2207 611 2599 693 explendum
2642 611 2811 676 iudi-

461 717 705 784 ciorum
748 720 1142 797 apparatum
1185 720 1342 781 sunt
1385 714 1563 781 usui:
1608 718 1692 779 te
1709 717 1788 779 st
1806 732 1890 779 es
1934 713 2097 796 dico,
2151 712 2264 795 qui
2308 731 2441 794 qua
2486 716 2568 779 de
2614 731 2814 780 causa

459 819 694 886 reiecti
737 818 873 885 sint
913 817 1046 884 iam
1083 822 1310 885 notum
1349 821 1469 901 est,
1517 821 1586 883 et
1628 836 1671 898 p
1691 821 2074 899 0110008,
2118 815 2232 897 qui
2278 814 2638 882 defendant
2665 835 2812 882 reos

460 925 695 988 contra
754 925 1188 1004 00008010108,
1247 920 1354 986 vel
1417 924 1648 987 contra
1705 919 1975 986 iudices
2063 919 2191 985 Sed
2248 919 2486 1002 nescio,
2544 937 2630 984 an
2689 920 2812 985 has

459 1043 713 1105 quoque
757 1021 1149 1089 defendendi
1200 1023 1490 1088 rationes
1548 1022 1683 1088 iam
1740 1022 1811 1087 in
1855 1021 2120 1087 Critone
2163 1020 2579 1089 inveniamus
2624 1021 2812 1102 quasi

462 1126 744 1193 orituras
788 1126 874 1211 (p.
919 1126 1003 1192 54
1037 1125 1137 1211 B),
1181 1124 1297 1191 ubi
1339 1124 1524 1207 leges
1561 1123 1822 1191 Socrati
1865 1125 2031 1190 haec
2061 1124 2322 1190 dicunt:
2361 1122 2540 1196 Ἀλλ’,
2581 1117 2633 1185 ὦ
2677 1126 2812 1188 Σώ-

459 1251 703 1313 κρατες,
760 1227 1152 1310 πευθόμενος
1207 1226 1354 1309 ἡμῖν
1410 1236 1548 1302 τοῖς
1593 1236 1732 1302 σοῖς
1784 1236 2095 1312 τροφεῦσι
2149 1227 2304 1312 μήτε
2358 1224 2607 1302 παῖδας
2662 1226 2816 1312 περὶ

462 1332 763 1408 πλείονος
788 1342 987 1396 ποιοῦ
1020 1330 1174 1417 μήτε
1215 1329 1288 1393 τὸ
1318 1329 1423 1415 ζῆν
1461 1330 1617 1415 μήτε
1648 1328 1804 1393 ἄλλο
1832 1326 2025 1415 μηδὲν
2066 1328 2197 1414 πρὸ
2236 1340 2348 1392 τοῦ
2392 1328 2663 1402 δικαίου,
2707 1327 2816 1393 ἵνα

463 1431 613 1519 ἔχῃς
652 1435 866 1499 πάντα
907 1444 1105 1497 ταῦτα
1135 1432 1673 1519 ἀπολογήσασθαι
1706 1443 1844 1507 τοῖς
1877 1425 2004 1496 ἐκεῖ
2034 1430 2335 1515 ἄρχουσιν
2379 1433 2540 1516 (scil.
2570 1431 2814 1514 νόμοις)

463 1533 788 1613 εἰςτἈιδου
819 1535 1052 1604 ἐλθὼν.
1096 1537 1189 1603 Ε1
1220 1537 1415 1620 110010
1443 1536 1626 1602 infra
1656 1536 1975 1617 scriptum
2004 1535 2315 1618 legimus:
2346 1534 2458 1598 καὶ
2478 1535 2647 1600 ἐκεῖ.
2676 1588 2691 1602 .
2715 1587 2729 1602 .
2755 1534 2818 1599 οἱ

463 1634 527 1704 ἓν
567 1637 784 1704 (Ἅιδου
805 1639 993 1722 νόμοι
1023 1638 1138 1704 οὐκ
1167 1638 1439 1721 εὐμενῶς
1482 1660 1556 1702 σε
1596 1636 2041 1721 ὕποόέξονται,
2086 1634 2322 1712 εἰδότες
2365 1636 2463 1702 ὅτι
2506 1638 2616 1702 καὶ
2654 1637 2820 1721 ἡμᾶς

463 1739 880 1829 ἐπεχείρησας
944 1740 1267 1806 ἀπολέσαι
1330 1739 1403 1804 τὸ
1467 1739 1576 1804 σὸν
1638 1745 1849 1827 μέρος.
1941 1741 2127 1825 Quae
2193 1740 2290 1807 Sic
2354 1745 2512 1807 sunt,
2561 1742 2818 1808 intelle-

462 1847 695 1929 genda,
753 1849 829 1911 ut
888 1863 1217 1911 sumamus
1283 1844 1618 1911 Socratem
1676 1848 2059 1910 accusatum
2120 1848 2268 1925 post
2331 1849 2607 1910 mortem
2672 1862 2817 1910 sese

464 1952 695 2014 contra
738 1948 919 2031 leges
962 1948 1150 2014 velut
1187 1948 1475 2013 humana
1519 1947 1737 2029 specie
1784 1946 2052 2012 indutas
2098 1946 2453 2013 defendere
2496 1952 2815 2028 oportere.

633 2050 904 2131 Restat,
962 2054 1039 2115 ut
1098 2049 1394 2116 breviter
1452 2068 1576 2130 quo
1634 2053 1926 2130 tempore
1983 2048 2103 2114 fiat
2159 2048 2476 2114 iudicium
2536 2048 2816 2114 dissera-

461 2171 605 2217 mus
651 2170 909 2233 quaque
952 2151 1211 2218 ratione
1257 2171 1401 2217 cum
1445 2151 1990 2233 metempsychosi
2020 2151 2437 2216 coniunctum
2469 2150 2559 2216 sit
2588 2169 2815 2216 secun-

464 2257 616 2321 dum
659 2256 1018 2321 Platonem.
1107 2254 1276 2321 Nam
1319 2254 1600 2335 primum
1645 2255 1726 2318 de
1769 2253 1945 2320 vivis
2003 2254 2301 2319 tulerunt
2356 2252 2609 2318 iudices
2669 2272 2815 2318 sen-

460 2357 742 2424 tentiam
791 2361 860 2423 et
917 2354 1120 2440 ἐκείνῃ
1161 2367 1235 2440 τῇ
1279 2354 1482 2440 ἡμέρᾳ
1525 2353 1838 2433 ἐδίκαζον,
1894 2350 1932 2439 ᾖ
1973 2353 2266 2436 μέλλοιεν
2307 2354 2598 2419 τελευτᾶν
2655 2356 2817 2439 (scil.

370 2450 379 2459 “
465 2458 528 2524 οἱ
574 2458 1000 2539 δικαζόμενοι,
1045 2459 1241 2542 Gorg.
1280 2459 1406 2525 523
1430 2458 1532 2543 Ε).
1600 2458 1861 2524 Deinde
1907 2462 2146 2542 autem,
2189 2462 2536 2540 postquam
2580 2476 2820 2524 novum

463 2563 677 2630 forum
720 2563 1030 2630 iudiciale
1076 2583 1117 2628 0
1136 2607 1142 2612 -
1161 2564 1316 2630 Iove
1369 2565 1547 2645 apud
1603 2561 1852 2629 inferos
1902 2562 2284 2629 institutum
2339 2566 2457 2646 est,
2516 2556 2820 2648 ἐξαίφνης

466 2664 917 2740 ἀποθανόντος
960 2661 1222 2728 ἑκάστου
1272 2664 1652 2733 iudicavere
1700 2665 1939 2746 quibus
1996 2667 2375 2731 mandatum
2431 2669 2550 2731 est.
2572 2665 2622 2750 1)
2709 2664 2819 2730 Ita

466 2774 688 2834 autem
731 2787 877 2834 cum
920 2767 1466 2850 metempsychosi
1523 2767 1815 2832 iudicum
1871 2767 2245 2833 sententiae
2306 2768 2676 2848 cohaerent,
2743 2772 2818 2831 ut

468 2870 721 2953 0011018,
780 2870 1092 2951 quamdiu
1152 2873 1270 2935 001
1313 2871 1435 2935 sub
1480 2873 1665 2934 terra
1710 2874 1829 2935 aut
1871 2870 1942 2934 in
1988 2870 2169 2935 caelo
2212 2869 2469 2936 versari
2513 2887 2675 2949 opus
2729 2868 2820 2934 sit

463 2972 816 3055 indicatur,
882 2972 1261 3054 priusquam
1304 2990 1538 3038 novam
1584 2970 1856 3038 vivendi
1898 2972 2220 3038 rationem
2262 2971 2391 3038 sibi
2436 2971 2817 3037 sortiantur.

463 3070 656 3139 Εἶναι
701 3072 772 3138 δὲ
813 3074 920 3159 τὴν
962 3076 1231 3158 πορείαν
1270 3073 1512 3159 χιλιέτη
1543 3073 1839 3139 affirmat
1870 3074 2064 3140 Plato
2086 3074 2158 3139 in
2179 3075 2278 3140 Re
2307 3074 2483 3156 publ.
2507 3094 2566 3156 p.
2590 3074 2717 3140 615
2740 3076 2819 3156 A,

467 3177 712 3244 similia
755 3179 1035 3244 Phaedr.
1079 3197 1140 3258 p.
1185 3178 1312 3242 249
1335 3178 1392 3242 Β
1438 3175 1783 3258 professus.

1640 3314 1696 3378 V

639 3416 768 3483 Sed
810 3416 943 3482 iam
987 3435 1265 3497 quonam
1311 3436 1393 3483 ex
1436 3315 1636 3483 fonteI
1649 3417 2069 3484 manaverint
2100 3435 2270 3497 quae
2308 3419 2389 3482 de
2419 3423 2818 3483 mortuorum

469 3518 713 3584 iudicio
730 3520 1148 3600 protulerunt
1162 3523 1231 3585 et
1246 3518 1574 3585 Pindarus
1597 3525 1795 3601 poeta
1812 3522 1882 3584 et
1895 3519 2088 3584 Plato
2107 3519 2531 3600 philosophus
2545 3519 2817 3586 investi-

469 3671 716 3710 manasse
753 3664 995 3724 apparet,
1031 3659 1217 3710 tamen
1239 3655 1369 3723 quid
1392 3655 1477 3710 illi
1502 3655 1568 3709 de
1597 3654 1683 3708 his
1718 3655 1880 3710 rebus
1904 3654 2296 3731 cogitavissent
2331 3654 2503 3723 ipsius
2528 3655 2704 3709 Procli
2729 3671 2818 3710 ex-

474 3740 688 3808 planari
710 3740 891 3795 1011118
924 3757 1032 3795 000
1065 3740 1263 3795 inutile
1297 3756 1413 3795 esse
1448 3740 1659 3809 putavi.

644 3824 685 3896 1)
737 3826 820 3881 De
867 3826 1065 3880 iudicio
1115 3831 1239 3894 post
1289 3826 1517 3894 primam
1557 3826 1731 3880 vitam
1767 3825 1912 3880 facto
1948 3825 2074 3880 vide
2110 3842 2274 3893 supra
2307 3841 2361 3893 p.
2397 3825 2479 3879 37.
2549 3825 2816 3880 Iudicium

468 3911 658 3966 statim
705 3919 829 3980 post
873 3916 1100 3966 mortem
1151 3911 1463 3966 instituitur
1526 3912 1669 3980 apud
1723 3913 1774 3965 A
1787 3928 1816 3966 e
1829 3927 1920 3980 gy
1932 3928 1966 3980 p
1980 3911 2080 3965 tio
2095 3928 2120 3965 s
2172 3926 2383 3979 quoque
2441 3910 2819 3980 (Wiedemann

468 3997 505 4050 l.
542 4013 583 4050 s.
620 4012 672 4064 p.
709 3996 864 4065 131);
901 3997 1046 4064 apud
1080 3997 1376 4051 Iudaeos
1414 3996 1557 4065 (vide
1593 4012 1731 4064 quae
1768 3996 2121 4064 SchwallyuS,
2157 3997 2270 4050 Das
2304 3995 2488 4051 Leben
2521 3996 2660 4050 nach
2696 3996 2818 4050 dem

468 4081 617 4136 Tode
641 4097 691 4150 p.
714 4081 949 4147 156l157,
985 4081 1053 4136 de
1076 4081 1354 4150 Sapientia
1378 4081 1673 4136 Salomonis
1696 4081 1969 4150 disseruit,
2007 4081 2101 4149 qui
2130 4087 2315 4136 tamen
2350 4081 2487 4135 liber
2522 4081 2819 4149 complures

469 4166 711 4221 00011001
748 4165 1023 4235 opiniones
1059 4183 1092 4220 a
1126 4166 1453 4221 Graecorum
1477 4183 1582 4220 non
1619 4167 1846 4235 alienas)
1882 4167 2289 4221 confunduntur
2324 4173 2381 4220 et
2402 4166 2593 4220 iudicii
2628 4165 2817 4220 statim

468 4257 593 4319 post
626 4256 852 4306 mortem
888 4251 1024 4306 facti
1059 4258 1116 4307 et
1151 4251 1262 4306 diei
1294 4251 1703 4306 resurrectionis
1746 4251 2021 4320 opiniones
2069 4252 2359 4320 (Schwally
2400 4267 2451 4319 p.
2487 4251 2635 4319 170);
2672 4249 2818 4317 apud

470 4338 516 4391 P
529 4352 599 4391 er
612 4353 637 4391 8
651 4353 683 4392 a
696 4353 721 4390 s
756 4337 1144 4405 posterioribus
1180 4339 1392 4392 demum
1440 4336 1773 4405 temporibus
1826 4336 2089 4391 iudicium
2135 4336 2465 4391 transfertur
2517 4336 2586 4390 ab
2621 4334 2816 4390 ultimo

470 4421 559 4477 die
607 4423 677 4477 ad
712 4423 856 4477 diem
902 4423 1066 4479 morti
1101 4423 1404 4492 proximum
1440 4424 1523 4491 (N.
1560 4422 1866 4477 Soderblom
1903 4421 1936 4476 l.
1973 4438 2015 4476 s.
2052 4438 2102 4490 p.
2140 4421 2260 4488 95.).
