3475 5118
475 379 540 466 9]
1315 376 1398 429 De
1433 378 1768 429 mortuorum
1802 374 2000 429 iudicio
2742 373 2825 437 41

477 551 705 616 liorem
748 567 874 614 non
919 548 1128 614 habeo
1173 564 1365 627 quam
1406 544 1754 626 proferam.
1841 544 2076 626 Itaque
2117 563 2283 611 vasa
2318 544 2451 627 illa,
2480 543 2549 610 in
2580 545 2829 627 Magna

477 653 761 721 Graecia
791 670 956 733 quae
985 654 1262 719 vocatur
1305 654 1588 732 reperta,
1628 666 1773 714 esse
1801 647 2131 714 fabricata
2158 647 2372 712 autin
2420 647 2568 729 ipsa
2597 647 2829 713 Attica

480 760 597 822 aut
641 755 711 821 in
754 753 995 820 Italiae
1039 757 1227 835 parte
1270 750 1599 835 inferiore,
1642 769 1809 832 quae
1853 751 2108 832 repleta
2151 753 2301 816 erat
2341 753 2492 831 post
2536 750 2827 815 conditos

480 857 759 923 Thurios
846 856 1217 922 Atticorum
1316 853 1601 920 moribus
1682 858 1878 935 atque
1952 852 2366 935 opinionibus
2454 853 2829 918 conclusere

477 959 846 1026 huiusmodi
895 959 1301 1040 picturarum
1359 955 1576 1037 periti.
1586 956 1634 1038 1)
1721 956 1949 1037 Neque
2021 960 2252 1021 contra
2311 959 2579 1038 pugnat,
2660 956 2831 1034 quod

478 1064 551 1129 F.
583 1064 659 1131 G.
692 1063 1004 1130 Welcker
1033 1059 1379 1128 adnotavit
1400 1060 1467 1145 2),
1511 1060 1981 1140 Triptolemum
2014 1059 2393 1124 adiunctum
2429 1076 2572 1124 esse
2614 1056 2830 1123 tribus

478 1164 835 1232 inferorum
937 1164 1264 1230 iudicibus
1365 1167 1702 1243 tamquam
1804 1160 2252 1246 θεσμοφόρον,
2349 1178 2561 1242 113(1113
2663 1178 2830 1240 (11133

479 1270 554 1335 Β.
616 1268 934 1334 Constant
953 1267 1035 1352 ⁸):
1101 1266 1395 1350 „Platon,
1451 1266 1617 1331 dans
1673 1264 2046 1347 l’apologie,
2112 1283 2276 1346 pour
2340 1263 2557 1330 mieux
2619 1262 2832 1329 natio-

474 1371 731 1438 naliser
789 1389 862 1436 ce
918 1370 1230 1452 tribunal,
1289 1370 1480 1450 place
1540 1370 1580 1433 a
1640 1370 1785 1433 cote
1841 1369 1955 1433 des
2014 1366 2177 1432 trois
2215 1367 2409 1449 juges
2454 1367 2568 1431 des
2614 1364 2831 1432 enfers

482 1475 899 1557 Triptoleme,
963 1473 1026 1538 le
1091 1471 1308 1539 favori
1370 1474 1449 1538 de
1493 1472 1705 1554 Ceres,
1774 1470 1887 1551 qui
1950 1471 2014 1535 le
2080 1469 2361 1551 premier
2427 1470 2643 1534 donna
2704 1486 2834 1533 aux

481 1577 846 1643 Atheniens
889 1575 1340 1658 l'agriculture
1394 1580 1462 1640 31
1505 1593 1667 1642 avec
1712 1574 1837 1640 elle
1879 1574 1976 1639 les
2018 1573 2143 1639 lois
2176 1577 2244 1639 et
2284 1573 2352 1637 13
2393 1571 2503 1638 vie
2532 1570 2828 1637 sociale.“

484 1679 914 1745 Coniecturae
933 1682 1155 1744 autem
1178 1681 1448 1760 propter
1469 1677 1810 1743 Eleusinia
1831 1675 2148 1759 mysteria
2172 1676 2639 1757 Triptolemum
2663 1672 2831 1739 iudi-

483 1782 678 1848 candi
719 1800 985 1847 munere
1029 1799 1173 1846 esse
1217 1784 1518 1846 ornatum
1559 1798 1686 1846 non
1731 1784 1917 1845 certa
1961 1783 2226 1845 exstant
2255 1781 2662 1861 argumenta,
2704 1775 2836 1841 nisi

485 1905 565 1951 ex
597 1904 689 1969 eo,
735 1886 902 1966 quod
947 1883 1195 1950 initiati
1224 1883 1552 1949 meliorem
1597 1885 1774 1964 apud
1802 1882 2047 1948 inferos
2076 1885 2558 1962 consequuntur
2597 1883 2836 1945 sortem

485 2007 674 2069 quam
707 1987 819 2069 qui
848 2005 1179 2053 sacrorum
1209 2004 1336 2051 non
1368 1990 1524 2052 sunt
1565 1985 1730 2051 facti
1771 1984 2204 2068 participes,4)
2248 1984 2449 2048 heroa
2491 1983 2675 2047 illum
2717 1999 2837 2046 sua

484 2090 882 2158 auctoritate
913 2089 1164 2170 aliquid
1206 2090 1430 2155 valere
1473 2088 1544 2153 in
1590 2107 1811 2154 eorum
1853 2087 2093 2153 iudicio
2138 2090 2515 2166 sumpturus
2559 2103 2661 2149 es:
2706 2102 2836 2165 qua

487 2196 566 2259 de
610 2212 685 2259 re
731 2192 1205 2273 disputabimus
1249 2195 1498 2272 postea.

654 2295 1004 2375 Reliquum
1049 2300 1166 2377 est,
1235 2298 1312 2359 ut
1369 2293 1667 2360 breviter
1721 2310 1995 2375 agamus
2057 2293 2138 2356 (13
2187 2289 2353 2357 viris
2399 2289 2592 2355 iustis
2642 2308 2834 2371 prae-

485 2403 672 2464 terea
749 2398 817 2463 in
890 2397 1304 2479 Apologia
1377 2395 1919 2462 commemoratis:
1994 2393 2051 2457 εἰ
2107 2395 2229 2479 γάρ
2285 2415 2383 2469 τις
2447 2390 2837 2477 ἀφικόμενος

484 2497 578 2578 εἰς
624 2495 849 2565 (Ἅιδου
911 2497 1305 2583 ἀπαλλαγεὶς
1360 2499 1601 2563 τούτων
1654 2508 1782 2561 τῶν
1853 2496 2229 2582 φασκόντων
2301 2493 2617 2559 δικαστῶν
2675 2489 2836 2558 εἶναι

484 2601 730 2690 εὗρήσει
794 2603 942 2678 τοὺς
1012 2601 1278 2688 ἀληθῶς
1335 2600 1654 2678 δικαστάς,
1732 2599 1923 2686 οἵπερ
1980 2600 2270 2684 λέγονται
2335 2595 2465 2662 ἐκεῖ
2535 2597 2834 2678 δικάζειν,

483 2709 705 2782 Μίνως
731 2729 800 2770 τε
842 2706 953 2769 καὶ
978 2704 1415 2786 Ῥαδάμανθυς
1457 2706 1566 2768 καὶ
1592 2704 1839 2780 Αἰακὸς
1882 2703 1991 2767 καὶ
2037 2703 2471 2788 Τριπτόλεμος
2499 2702 2607 2766 καὶ
2652 2700 2836 2765 ἄλλοι

487 2809 626 2874 ὅσοι
639 2807 1073 2890 τῶνὴμιθέων
1089 2806 1329 2871 δίκαιοι
1344 2806 1626 2891 ἐγένοντο
1657 2805 1724 2870 ἐν
1736 2817 1827 2890 τῷ
1856 2805 2095 2870 ἑαυτῶν
2122 2809 2314 2890 βίῳ..
2334 2824 2502 2887 quae
2517 2807 2724 2872 Verba
2740 2805 2837 2871 Sic

489 2917 594 2978 est
621 2910 1472 2995 interpretatusRohdiuS,⁵)
1496 2914 1572 2976 ut
1593 2911 1937 2976 Platonem
1958 2909 2241 2975 hocloco
2270 2908 2580 2990 vulgares
2601 2908 2836 2990 potiuS,

486 3020 563 3081 ut
591 3015 689 3080 ita
720 3015 948 3097 dicam,
970 3013 1301 3096 opiniones
1332 3012 1683 3095 protulisse
1715 3014 2140 3078 contenderet
2167 3030 2378 3092 neque
2393 3011 2679 3076 locutum
2695 3028 2838 3076 esse

490 3120 571 3184 de
587 3118 818 3185 ultimo
834 3115 1090 3200 iudici0,
1108 3118 1223 3183 sed
1239 3118 1320 3182 de
1333 3115 1655 3182 tribunali
1672 3117 1952 3197 quodam
1968 3114 2144 3180 inter
2157 3119 2445 3181 mortuos
2462 3113 2837 3196 constituto,

487 3221 557 3285 in
581 3239 706 3301 quo
729 3238 858 3286 non
889 3223 968 3285 de
990 3221 1187 3286 rebus
1209 3220 1293 3285 ab
1315 3219 1683 3285 hominibus
1713 3238 1915 3300 supra
1944 3221 2190 3283 terram
2211 3218 2381 3283 male
2404 3217 2619 3298 factiS,
2647 3216 2840 3281 immo

487 3342 642 3389 vero
690 3325 771 3388 de
815 3322 1049 3388 litibus
1093 3322 1271 3388 inter
1313 3322 1486 3403 ipsos
1531 3321 1871 3388 defunctos
1924 3320 2169 3387 exortis
2212 3320 2615 3386 iudicaretur
2658 3339 2699 3385 a
2738 3323 2841 3385 tot

491 3425 764 3491 arbitris
808 3443 1016 3505 aeque
1060 3430 1258 3506 atque
1304 3426 1479 3506 apud
1521 3424 1892 3507 Homerum,
1959 3423 2071 3504 qui
2115 3424 2320 3488 solum
2378 3422 2660 3487 Minoem
2716 3422 2838 3488 tali

491 3526 703 3592 officio
748 3526 1016 3593 fecisset
1058 3526 1454 3610 fungentem.
1544 3527 1791 3592 Tamen
1838 3526 2034 3591 aliam
2085 3524 2456 3606 explicandi
2520 3524 2839 3589 rationem

490 3630 651 3695 mihi
664 3629 1036 3711 repperisse
1056 3630 1298 3696 videor.
1333 3630 1622 3694 Primum
1641 3629 1813 3694 enim
1826 3627 1897 3693 in
1911 3629 2024 3693 illo
2041 3627 2513 3693 sententiarum
2529 3631 2841 3693 contextu

491 3732 713 3813 aptius
760 3734 840 3798 de
885 3731 981 3797 eis
1023 3731 1346 3798 iudicibus
1375 3732 1722 3814 cogitatur,
1768 3750 1809 3796 a
1839 3731 2074 3811 quibus
2105 3730 2425 3813 Socrates,
2468 3734 2545 3795 ut
2577 3729 2841 3795 meliore

493 3834 751 3900 iustitia
812 3834 934 3917 usi,
1001 3854 1195 3915 quam
1238 3834 1694 3917 AthenienseS,
1766 3839 1884 3899 aut
1937 3835 2251 3899 damnent
2311 3837 2429 3898 aut
2493 3832 2842 3898 absolvant

669 4021 709 4091 1)
746 4023 802 4076 C.
839 4022 1292 4091 Watzinger,
1329 4022 1555 4076 Studien
1588 4037 1687 4075 zur
1721 4020 2002 4075 unterital.
2038 4019 2440 4076 Vasenmalerei
2474 4035 2527 4087 p.
2564 4019 2647 4073 46.

666 4107 709 4175 ²)
745 4107 1062 4162 Zeitschrift
1095 4108 1184 4161 fiir
1207 4106 1528 4161 Geschichte
1551 4122 1604 4160 u.
1630 4106 1955 4175 Auslegung
1985 4106 2081 4160 der
2115 4106 2265 4160 alten
2302 4106 2487 4159 Kunst
2513 4105 2543 4159 I
2581 4106 2609 4158 1
2646 4121 2698 4172 p.
2724 4103 2840 4157 134.

668 4193 708 4262 ⁸)
745 4193 781 4246 1.
819 4209 984 4261 supra
1019 4192 1090 4261 (p.
1125 4194 1194 4247 33
1229 4193 1352 4246 adn.
1390 4192 1442 4259 1)
1479 4208 1520 4246 3.
1555 4207 1607 4259 p.
1644 4191 1748 4245 388
1783 4192 1963 4245 adnot.
2004 4193 2050 4245 1.

667 4279 711 4347 ⁴)
744 4278 883 4333 Vide
919 4277 1065 4332 infra
1097 4294 1149 4346 p.
1187 4277 1252 4330 51
1290 4285 1348 4331 et
1392 4276 1714 4332 Platonis
1750 4277 2025 4345 personati
2059 4275 2338 4329 Axioch.
2374 4274 2556 4327 371D.

671 4364 713 4432 ὖ)
748 4363 784 4417 1.
821 4380 862 4418 s.
899 4363 968 4418 1²
1002 4381 1055 4432 p.
1090 4362 1194 4416 310
1228 4363 1410 4417 adnot.
1449 4363 1496 4416 1.
