3475 5118
445 430 550 520 15]
1280 430 1364 484 De
1399 435 1732 484 mortuorum
1768 427 1968 483 iudicio
2708 428 2792 492 47

444 602 821 670 constitutis
893 602 950 667 si
1023 601 1391 683 quaerimus
1481 601 1563 665 de
1650 603 2048 665 mortuorum
2119 597 2359 663 iudicio
2375 648 2391 681 ,
2479 599 2650 679 quod
2723 600 2800 662 et

443 708 621 788 apud
671 704 1140 770 Pindarum-et
1184 705 1361 785 apud
1411 703 1756 768 Platonem
1805 701 2208 782 descriptum
2252 700 2551 784 vidimus,
2613 701 2796 765 haud

441 808 687 874 iniuria
746 807 813 873 id
876 825 1126 888 quoque
1181 824 1218 872 e
1261 805 1582 871 communi
1642 804 1759 870 illo
1818 803 2017 887 fonte,
2079 821 2267 884 quem
2328 802 2800 886 proposuimuS,

439 911 709 977 fluxisse
771 909 1244 975 concludemus,
1345 909 1568 992 Quare
1636 925 1876 988 operae
1943 906 2224 987 pretium
2278 906 2408 971 erit
2465 905 2573 971 hic
2637 924 2795 987 pau-

440 1016 573 1080 lum
640 1012 1038 1095 subsistere,
1072 1016 1172 1083 „ut
1231 1014 1545 1092 quomodo
1603 1028 1711 1075 res
1776 1028 1848 1075 se
1911 1010 2162 1075 habeat
2229 1008 2468 1074 clarius
2534 1008 2796 1074 intelle-

440 1134 686 1200 gamus,
762 1116 959 1196 Apud
991 1114 1306 1195 Orphicos
1351 1113 1524 1179 enim
1569 1117 1637 1178 et
1680 1112 2159 1194 Pythagoricos
2200 1110 2798 1194 metempsychosin.

441 1237 713 1300 poenam
771 1216 971 1283 fuisse
1032 1216 1428 1302 creditam,1)
1489 1234 1658 1296 quae
1716 1215 2178 1297 imponeretur,
2238 1217 2316 1279 ut
2376 1215 2461 1280 ab
2507 1213 2660 1278 aliis
2707 1215 2800 1278 ad.

443 1321 608 1386 alios
654 1322 1052 1386 transeundo
1096 1321 1547 1401 purgarentur
1576 1318 1850 1400 animae,
1896 1322 2173 1400 constat,
2227 1319 2344 1383 sed
2387 1319 2669 1382 nondum
2716 1334 2795 1381 ea

441 1421 820 1488 testimonia
841 1420 1249 1504 protulimuS,
1279 1421 1515 1502 quibus
1537 1420 1669 1486 iam
1699 1421 2153 1503 theologorum
2176 1420 2435 1484 illorum
2458 1417 2796 1484 sententia

441 1525 593 1608 tale,
657 1526 852 1606 quale
907 1527 1156 1607 postea,
1211 1523 1524 1589 iudicium
1570 1522 1909 1589 exstitisse
1954 1528 2023 1589 et
2067 1541 2210 1588 cum
2253 1520 2797 1604 metempsychosi

441 1627 642 1692 fuisse
687 1627 1101 1693 coniunctum
1134 1629 1711 1692 demonstraretur.
1802 1626 1900 1691 Ac
1929 1625 2429 1691 reminiscamur
2458 1625 2797 1690 Socratem

442 1729 513 1794 in
542 1729 822 1811 dialogis
854 1733 1008 1795 ante
1040 1728 1384 1811 exscriptis
1427 1728 1668 1794 iterum
1706 1729 2077 1809 iterumque
2121 1727 2535 1793 contendisse
2565 1745 2635 1792 se
2666 1745 2796 1792 non

438 1832 670 1915 μῦθον,
730 1829 892 1892 ἀλλὰ
948 1829 1188 1912 λόγον
1245 1836 1540 1897 secutum
1586 1834 1665 1897 de
1710 1831 1967 1897 animae
2009 1831 2512 1896 immortalitate
2558 1834 2640 1896 et
2700 1832 2801 1894 de

440 1932 757 1999 iudicii
804 1935 1745 2017 etmetempsychoseos
1793 1933 2218 1999 doctrinis
2257 1934 2801 2015 disputasse,

443 2037 639 2119 Gorg.
683 2036 809 2102 523
833 2036 924 2101 A:
975 2034 1200 2099 ’Άκουε
1258 2034 1352 2120 δή,
1413 2037 1611 2121 φασί,
1672 2035 1850 2116 μάλα
1905 2036 2103 2099 καλοῦ
2159 2035 2374 2118 λόγου,
2435 2034 2505 2099 ὃν
2561 2034 2636 2096 σὺ
2678 2031 2798 2114 μὲν

439 2137 654 2224 ἡγήσει
709 2140 940 2220 μῦθον,
1001 2137 1090 2214 ὣς
1148 2133 1272 2221 ἐγὼ
1333 2132 1535 2219 οἶμαι,
1595 2137 1720 2221 ἐγὼ
1775 2137 1845 2202 δὲ
1889 2138 1940 2219 ,λ
1961 2139 2169 2221 όγον.
2261 2136 2350 2213 ὣς
2409 2135 2621 2223 ἀληθῆ
2675 2134 2803 2220 γὰρ

444 2240 590 2305 ὄντα
635 2246 704 2307 et
755 2261 810 2322 q.
863 2260 942 2323 S.;
1001 2241 1243 2307 524A:
1286 2238 1460 2303 ταῦτ’
1492 2236 1658 2304 ἔστιν
1703 2292 1717 2306 .
1764 2292 1778 2307 .
1830 2244 1872 2304 ἃ
1917 2235 2039 2321 ἐγὼ
2091 2239 2384 2325 ἀκηκοὼς
2425 2239 2800 2302 πιστεύω

443 2341 656 2428 ἀληθῆ
712 2337 889 2408 εἶναι.
962 2344 1190 2423 Neque
1249 2346 1477 2408 contra
1533 2361 1833 2436 pugnare
1891 2343 2055 2408 mihi
2110 2344 2438 2426 videntur,
2499 2360 2667 2423 quae
2723 2341 2794 2406 in

441 2447 811 2512 Phaedonis
877 2467 938 2528 p.
1000 2445 1208 2511 114D
1251 2446 1558 2527 legimus:
1623 2444 1695 2509 τὸ
1752 2444 1869 2526 μὲν
1928 2439 2034 2509 οὖν
2089 2446 2169 2509 τὰ
2225 2456 2424 2508 ταῦτα
2490 2443 2798 2529 διισχυρί-

445 2551 692 2613 σασθαι
722 2546 920 2625 οὕτως
948 2544 1130 2627 ἔχειν,
1163 2546 1254 2624 ὣς
1275 2545 1399 2629 ἐγὼ
1426 2545 1793 2634 διελήλυθα,
1828 2546 1916 2613 οὗ
1953 2552 2265 2634 πρέπει
2300 2558 2485 2613 νοῦν
2515 2544 2794 2628 ἔχοντι

444 2650 709 2734 ἀνδρί”
755 2650 852 2715 ὅτι
896 2654 1113 2733 μέντοι
1153 2646 1192 2732 ἢ
1234 2650 1409 2714 ταῦτ’
1455 2645 1627 2714 ἐστὶν
1663 2647 1702 2733 ἢ
1744 2651 1982 2715 τοιαῦτ’
2028 2651 2185 2715 ἅττα
2233 2651 2390 2737 περὶ
2422 2651 2539 2726 τὰς
2579 2650 2804 2734 ψυχὰς

442 2752 616 2835 ἡμῶν
657 2753 768 2816 καὶ
809 2752 923 2828 τὰς
967 2752 1237 2839 οἰκήσεις
1267 2799 1280 2815 .
1318 2800 1332 2815 .
1377 2765 1620 2817 τοῦτο
1679 2754 1818 2817 καὶ
1872 2757 2234 2839 πρέπειν
2272 2775 2387 2835 μοι
2433 2752 2616 2817 δοκεῖ
2658 2753 2795 2816 καὶ

444 2855 686 2936 ἄξιον
771 2855 1307 2920 κινδυνεῦσαι
1405 2853 1678 2941 οἰομένῳ
1762 2855 1964 2932 οὕτως
2049 2856 2234 2935 ἔχειν.
2324 2857 2607 2922 Necesse
2688 2862 2793 2940 est

442 2961 899 3026 concludamus
946 2978 1028 3025 ex
1068 2959 1174 3024 his
1219 2958 1379 3025 locis
1409 2960 1769 3042 Platonem,
1815 2960 1921 3025 cui
1949 2962 2265 3025 addamus
2293 2960 2671 3042 Pindarum,
2709 2978 2808 3026 exw

442 3062 869 3144 Orphicorum
928 3068 997 3128 et
1039 3061 1622 3146 Pythagoricorum
1676 3063 1886 3128 sacris
1944 3061 2139 3128 libris
2188 3067 2395 3128 totam
2453 3061 2793 3128 iudicandi

440 3165 768 3230 notionem
800 3164 1288 3247 deprompsisse,
1334 3183 1725 3245 quamquam
1756 3165 2031 3248 singula,
2076 3169 2154 3231 ut
2198 3165 2484 3231 iudicum
2527 3165 2789 3230 nomina

443 3270 513 3331 et
569 3285 905 3332 numerum
966 3268 1101 3332 alia
1167 3286 1246 3332 ex
1290 3266 1664 3333 Atticorum
1726 3267 2117 3350 vulgaribus
2184 3267 2426 3334 fabulis
2484 3271 2800 3349 poterant.

441 3369 767 3454 hauriri.2)

612 3472 869 3554 Restat,
937 3476 1013 3537 ut
1077 3476 1549 3555 percontemur,
1614 3491 1700 3537 an
1763 3491 1837 3537 re
1902 3491 2065 3538 vera
2108 3476 2507 3538 mortuorum
2564 3471 2649 3538 iu
2665 3473 2707 3538 d
2725 3472 2750 3538 i
2768 3508 2802 3522 ι

442 3573 654 3639 6111111
699 3573 827 3639 sibi
855 3572 1168 3639 finxerint
1210 3577 1572 3656 mystarum
1600 3574 1911 3656 theologi.
1998 3575 2094 3639 At
2135 3574 2429 3655 profecto
2474 3593 2581 3641 eos
2626 3572 2789 3640 illud

619 3811 658 3880 1)
693 3812 833 3866 Vide
868 3812 1277 3881 Dieterichium‚
1312 3812 1349 3866 l.
1387 3828 1428 3866 s,
1465 3829 1516 3881 p.
1554 3812 1588 3865 9
1624 3829 1746 3866 611111
1782 3813 1963 3867 adnot.
2002 3814 2048 3881 1,
2083 3811 2180 3866 ubi
2214 3813 2281 3867 de
2304 3812 2548 3867 Philolao
2583 3812 2801 3881 Pytha«

441 3896 623 3965 gorico
669 3902 868 3951 testem
904 3897 1065 3952 affert
1100 3897 1262 3952 Clem.
1300 3898 1458 3952 Alex.
1506 3897 1699 3953 Strom.
1736 3898 1826 3952 ΠΙ
1871 3898 1975 3953 433
2020 3903 2078 3953 et
2112 3898 2432 3953 Theodoret.
2480 3914 2660 3968 graec.
2698 3898 2789 3953 aff.

442 3997 552 4035 eur.
588 3982 640 4036 V
675 3982 757 4036 14.

614 4067 657 4136 ²)
694 4068 776 4122 De
811 4067 999 4122 fabula
1035 4068 1269 4136 Gorgiae
1304 4069 1558 4137 imposita
1593 4069 1842 4137 disputat
1875 4069 2240 4124 Dieterichius
2278 4070 2333 4140 (l.
2361 4085 2404 4123 s.
2440 4085 2494 4137 p.
2520 4068 2638 4137 118)
2683 4068 2788 4123 sic:

443 4152 696 4208 ‘Freilich
746 4169 876 4222 mag
936 4152 1023 4207 die
1070 4154 1390 4209 Geschichte
1442 4171 1550 4209 von
1602 4155 1697 4208 der
1743 4154 2139 4223 Veranderung
2194 4155 2271 4208 im
2328 4154 2634 4210 Verfahren
2699 4154 2805 4207 des

438 4239 702 4309 jiingsten
726 4238 975 4307 Gerichts
997 4238 1073 4292 im
1098 4238 1346 4308 Gorgiae,
1385 4238 1472 4293 die
1504 4240 1607 4293 wie
1632 4239 1752 4293 eine
1775 4239 2190 4294 volkstiimliche
2214 4239 2399 4307 Fabel,
2436 4238 2551 4293 fast
2573 4237 2678 4293 wie
2704 4238 2791 4293 ein

441 4324 703 4378 attisches
774 4324 1201 4379 Volksmarchen
1236 4324 1495 4393 aussieht,
1543 4340 1642 4378 aus
1679 4326 1916 4379 anderen
1951 4323 2304 4379 Traditionen
2353 4324 2472 4378 hier
2520 4324 2805 4393 angeffigt.

442 4408 572 4462 oder
605 4410 741 4462 auch
786 4408 1094 4478 Erfindung
1128 4410 1222 4464 des
1257 4409 1417 4465 Plato
1453 4410 1623 4465 selbst
1657 4409 1806 4465 sein’.
