3475 5118
494 485 602 573 35]
1317 485 1401 541 De
1437 490 1774 540 mortuorum
1811 485 2010 541 iudicio
2630 441 2638 448 ⁵
2768 478 2851 554 67

1519 654 2057 740 Quaesitor¹)
2101 657 2171 722 in
2215 657 2350 723 alto

701 757 1090 838 conspicuus
1138 757 1299 823 solio
1342 763 1747 840 pertemptat
1793 758 2064 824 crimina
2109 758 2323 825 Minos

700 864 769 925 et
813 859 1010 926 iustis
1058 860 1312 926 dirimit
1356 865 1595 927 sontes
1684 860 1860 944 Quos
1904 862 2076 927 nolle
2120 860 2319 928 fateri

703 962 969 1045 viderit,
1017 966 1101 1028 ad
1145 963 1350 1045 rigidi
1387 963 1791 1029 transmittit
1834 966 2115 1032 verbera
2160 965 2409 1032 fratris.

495 1076 599 1131 480
691 1066 859 1131 Nam
907 1066 1097 1131 iuxta
1138 1065 1685 1132 Rhadamanthus
1731 1066 1890 1149 agit.
1965 1067 2124 1133 Cum
2166 1074 2358 1151 gesta
2403 1069 2669 1151 superni

700 1169 1012 1234 curriculi
1056 1173 1359 1249 totosque
1406 1169 1518 1234 diu
1558 1169 1975 1250 perspexerit
2018 1175 2204 1236 actus

710 1275 1034 1351 exaequat
1079 1274 1384 1337 damnum
1430 1271 1685 1338 meritis
1731 1277 1800 1338 et
1844 1277 2026 1338 muta
2069 1272 2358 1340 ferarum

705 1374 883 1457 cogit
926 1373 1147 1441 vincla
1189 1373 1348 1455 pati.
1436 1375 1871 1440 Truculentos
1916 1375 2166 1459 ingerit
2209 1376 2381 1443 ursis

704 1480 1196 1558 praedonesque
1241 1477 1447 1559 lupis3
1493 1476 1769 1543 fallaces
1814 1478 2125 1560 vulpibus
2172 1479 2377 1545 addit.

500 1692 601 1746 491
691 1683 864 1766 Quos
909 1682 1023 1749 ubi
1066 1702 1186 1765 per
1228 1683 1453 1750 varias
1498 1683 1690 1749 annis
1732 1689 1838 1750 ter
1881 1683 2059 1750 mille
2103 1684 2350 1768 figuras

709 1785 852 1867 egit
896 1786 1191 1851 Lethaeo
1235 1790 1551 1869 purgatos
1599 1786 1882 1869 flumine,
1926 1789 2191 1853 tandem

704 1906 938 1954 rursus
986 1892 1070 1954 ad
1115 1889 1439 1954 humanae
1483 1895 1753 1955 revocat
1796 1889 2151 1970 primordia
2191 1890 2454 1957 formae.

671 2044 811 2108 Iam
873 2046 954 2108 de
1012 2043 1289 2109 Pindari
1336 2049 1404 2109 et
1446 2044 1750 2110 Platonis
1809 2044 2049 2111 iudicio
2110 2064 2253 2111 cum
2312 2045 2859 2128 metempsychosi

506 2145 851 2211 coniuncto
880 2151 1082 2211 antea
1112 2145 1211 2211 ita
1243 2146 1745 2230 disputavimus,
1777 2153 1853 2212 ut
1881 2148 2144 2231 nemini,
2187 2147 2346 2228 quin
2375 2148 2529 2214 inde
2558 2147 2859 2214 hauserit

506 2247 613 2313 hic
656 2253 851 2330 poeta
884 2249 1151 2314 dubium
1191 2268 1335 2315 esse
1378 2249 1606 2331 possit.
1681 2251 1848 2315 Nam
1881 2270 2048 2331 quae
2078 2249 2176 2317 ibi
2203 2251 2381 2316 haud
2412 2251 2511 2316 ita
2543 2251 2719 2316 clare
2750 2270 2858 2317 ex-

502 2350 723 2432 posita
755 2356 965 2435 erant,
991 2352 1351 2417 animarum
1384 2351 1954 2435 peregrinationes
1985 2354 2069 2418 ab
2092 2353 2419 2419 iudicibus
2450 2357 2519 2418 et
2547 2351 2859 2434 puniendi

505 2459 575 2518 et
618 2454 945 2536 purgandi
990 2473 1189 2520 causa
1218 2453 1478 2539 imponi,
1520 2456 1624 2521 1110
1654 2455 1872 2537 planis
1904 2460 1972 2522 et
2003 2456 2332 2536 expressis
2362 2455 2586 2524 verbis
2617 2455 2857 2537 optime

506 2555 694 2623 vides
739 2557 1075 2640 descripta
1119 2557 1190 2624 in
1232 2557 1537 2625 versibus
1583 2562 1767 2625 modo
1814 2558 2055 2625 allatis

1628 2763 1724 2828 VI

679 2915 1063 2981 Animarum
1108 2915 1498 2982 transeundi
1541 2915 1906 2982 rationibus
1943 2916 2283 2999 neglectiS,
2328 2935 2489 2997 quas
2535 2919 2857 2981 sectarum

510 3022 920 3100 quarundam
978 3018 1279 3100 proprias
1340 3020 1708 3084 sententias
1774 3018 1976 3085 fuisse
2022 3019 2340 3103 audimUS,
2385 3038 2426 3084 a
2470 3018 2862 3085 Graecorum

509 3122 884 3204 tragicis
931 3126 999 3186 et
1043 3121 1574 3205 oratoribuS,
1620 3141 1782 3202 quos
1826 3140 1999 3187 nunc
2042 3121 2204 3187 mihi
2234 3122 2543 3203 proposui
2570 3125 2862 3187 tractan-

513 3227 646 3308 dos,
708 3242 915 3305 aeque
967 3229 1166 3305 atque
1213 3243 1255 3289 a
1299 3225 1579 3290 Platone
1630 3223 1957 3290 notionem
2001 3224 2233 3290 iudicii
2275 3223 2520 3289 inferni
2565 3225 2863 3289 crederes

512 3327 615 3392 ita
643 3346 788 3393 esse
824 3328 1170 3410 excultam,
1219 3333 1292 3392 ut
1323 3329 1407 3393 ab
1442 3328 1537 3393 eis
1568 3345 1837 3409 quoque,
1879 3345 2043 3407 quas
2074 3326 2349 3408 quisque
2378 3326 2570 3393 vivus
2603 3325 2864 3407 impune

510 3428 787 3495 iniurias
856 3429 1300 3513 commisisset,
1360 3449 1582 3496 earum
1640 3436 1965 3495 mortuum
2034 3432 2211 3510 apud
2284 3428 2528 3495 inferos
2594 3447 2864 3510 poenam

516 3535 819 3598 daturum
854 3552 997 3598 esse
1028 3532 1354 3598 iudicibus
1384 3533 1480 3598 ibi
1515 3533 1849 3598 institutis
1896 3532 2356 3598 affirmaretur.
2444 3532 2574 3598 Sed
2616 3530 2866 3614 mirum,

520 3654 711 3715 quam
777 3654 992 3717 pauca
1048 3635 1242 3701 huius
1302 3635 1627 3716 opinionis
1688 3634 1978 3717 vestigia
2024 3635 2095 3701 in
2138 3640 2331 3701 tanta
2383 3639 2451 3700 et
2493 3634 2866 3700 fabularum

518 3742 586 3803 et
628 3738 1012 3820 orationum,
1065 3757 1233 3819 quae
1292 3738 1549 3819 quidem
1602 3738 1904 3821 integrae
1950 3743 2068 3804 aut
2113 3757 2194 3804 ex
2239 3740 2432 3819 parte
2476 3738 2690 3803 adhuc
2733 3755 2865 3802 ser-

515 3845 713 3906 vatae
757 3841 909 3924 sint,
952 3840 1370 3907 multitudine
1415 3841 1856 3907 inveniantur.

687 3996 830 4060 Iam
911 3995 1325 4078 Aeschyli
1413 3995 1586 4061 locos
1685 3993 2029 4076 proferam.
2152 3994 2233 4058 In
2314 3992 2867 4075 Supplicibus

519 4096 790 4163 Danaus
836 4116 997 4182 eum,
1050 4097 1161 4179 qui
1207 4097 1548 4163 mulierem
1607 4098 1891 4163 invitam
1936 4102 2127 4179 patre
2170 4095 2380 4162 invito
2425 4095 2494 4160 in
2536 4094 2866 4161 matrimo-

521 4198 698 4265 nium
759 4201 1039 4282 duxerit,
1096 4200 1167 4266 in
1227 4200 1392 4266 Orco
1452 4198 1909 4282 gravissimam
1969 4217 2242 4280 poenam
2302 4196 2671 4262 subiturum
2725 4214 2867 4261 esse

524 4302 790 4381 exponit
834 4322 894 4368 v.
940 4304 1066 4367 218
1112 4321 1247 4384 sqq.
1293 4300 1644 4385 (Kirchh.):

697 4473 737 4540 1)
773 4472 1019 4527 Verbum
1056 4474 1431 4541 depromptum
1468 4488 1498 4526 e
1532 4472 1701 4541 Verg.
1737 4472 1872 4526 Aen.
1909 4471 2004 4539 VI,
2040 4470 2156 4524 432.
