3475 5118
442 374 548 462 63]
1268 374 1350 428 De
1384 379 1718 429 mortuorum
1756 371 1953 426 iudicio
2208 382 2216 388 ·
2706 362 2798 439 95

439 546 524 612 ab
570 546 807 626 Aeaco,
865 543 924 608 si
982 543 1359 624 Menippum
1391 541 1636 608 'redire
1677 542 1993 624 patiatur,
2051 561 2201 607 nam
2246 542 2508 608 Aeacus
2565 546 2793 624 portas

442 647 747 729 custodit,
776 664 860 712 ne
883 645 1030 726 quis
1053 644 1347 727 effugiat.
1394 645 1474 709 In
1505 663 1579 710 eo
1609 645 1890 725 denique
1921 644 2033 724 qui
2065 643 2360 711 Luciano
2393 644 2795 711 adscribitur

439 751 610 817 libro
677 751 760 816 de
817 750 999 814 luctu
1059 747 1302 813 dicitur
1361 767 1412 813 c.
1457 749 1528 812 4:
1586 745 1756 833 πρὸς
1802 792 1816 808 .
1865 798 1878 813 .
1926 746 2096 830 πύλῃ
2141 799 2154 813 .
2200 799 2215 813 .
2259 746 2357 813 Αἰ.
2416 745 2634 833 ἕστηκε
2688 746 2795 832 τὴν

446 850 735 938 φρουρὰν
778 845 1315 935 ἐπιτετραμμένος
1355 897 1368 911 .
1420 897 1432 912 .
1480 851 1864 931 quibuscum
1921 850 2250 916 consentit
2293 850 2579 931 PhilopS.
2632 852 2793 934 25.1)

442 957 570 1022 Sed
628 955 762 1021 alia
820 973 1074 1036 quoque
1119 956 1376 1020 Aeacus
1436 954 1771 1020 ministrat
1816 954 1886 1019 in
1929 953 2211 1019 Luciani
2269 954 2582 1037 dialogis3
2641 974 2791 1020 nam

450 1060 621 1125 Men.
684 1060 764 1123 17
808 1057 1106 1123 infernus
1147 1062 1250 1122 est
1307 1056 1714 1138 agrimensor
1779 1050 2068 1141 (ἐπειδὰν
2131 1055 2253 1142 γὰρ
2315 1106 2328 1120 .
2393 1101 2407 1117 .
2468 1055 2503 1119 ὃ
2561 1054 2798 1132 Αἰακὸς

448 1159 854 1246 ἀπομετρήσῃ
885 1159 1130 1245 ἑκάστῳ
1160 1159 1272 1223 τὸν
1297 1159 1521 1245 τόπον)
1561 1164 1630 1225 et
1662 1161 1934 1226 Charon.
1968 1162 2007 1225 2
2037 1159 2170 1223 τελ
2190 1162 2340 1246 ώνη
2359 1182 2423 1242 ς,
2471 1161 2724 1242 Catapl.
2754 1162 2795 1225 4

444 1268 748 1330 numerat
792 1269 1095 1329 mortuos
1183 1262 1503 1328 Similiter
1546 1263 2013 1345 Philostratus
2074 1281 2463 1343 quamquam
2507 1263 2794 1328 Aeacum

445 1367 816 1433 iudicem
881 1367 1054 1431 haud
1101 1366 1384 1448 ignorat,
1430 1374 1505 1431 ut
1549 1365 1831 1431 diximus
1876 1383 2076 1447 supra
2120 1385 2179 1446 p.
2228 1368 2325 1440 71,
2385 1369 2606 1431 tamen
2650 1384 2796 1431 eum

445 1469 647 1536 etiam
675 1466 972 1552 πυλωρὸν
1001 1473 1457 1534 commemorat
1485 1468 1552 1534 in
1576 1468 1739 1534 Vita
1768 1469 1981 1549 Apoll.
2016 1470 2223 1551 Tyan.
2256 1469 2405 1551 VII,
2437 1470 2551 1535 31:
2590 1464 2800 1542 δοκεῖς

445 1594 561 1654 μοι
592 1618 606 1634 .
642 1622 657 1636 .
693 1617 707 1633 .
747 1571 854 1635 καὶ
899 1568 1006 1633 τὸν
1050 1569 1311 1643 Αἰακόν,
1357 1569 1561 1655 ὅσπερ
1590 1568 1658 1634 ἐν
1685 1569 1846 1654 ᾅδου
1876 1570 2141 1653 λέγεται,
2188 1568 2468 1657 φρουρὸν
2496 1569 2798 1653 ἡγεῖσθαι

444 1674 706 1739 τουτωνὶ
751 1685 877 1737 τῶν
918 1673 1139 1736 πυλῶν
1189 1669 1369 1737 εἶναι.

614 1795 892 1861 Romani
933 1813 1046 1859 eas
1090 1794 1425 1875 opiniones
1469 1813 1597 1860 non
1661 1802 1819 1859 sunt
1876 1795 2107 1876 secuti,
2167 1813 2314 1859 nam
2363 1796 2623 1860 Aeacus
2668 1812 2797 1860 non

451 1898 665 1963 minus
694 1916 892 1979 saepe
936 1898 1136 1966 iudex
1178 1898 1556 1963 nominatur
1600 1916 1793 1977 quam
1827 1897 2038 1963 Minos
2083 1901 2149 1963 et
2186 1897 2799 1980 Rhadamanthusfl)

449 2003 693 2067 Tamen
725 2000 930 2066 Clau
948 2000 1253 2066 dianus
1283 2019 1355 2066 se
1384 2018 1639 2081 quoque
1662 2000 2006 2066 ianitorem
2040 2019 2185 2066 eum
2209 1999 2471 2066 novisse
2493 1999 2799 2081 ostendit,

450 2121 593 2168 cum
637 2102 802 2169 dicit
845 2102 940 2187 (in
983 2102 1133 2168 Rus.
1178 2104 1265 2186 II,
1310 2104 1437 2168 456
1483 2102 1636 2186 sq.):

1636 2206 1842 2271 Pater
1886 2206 2148 2270 Aeacus
2194 2205 2418 2271 horret

692 2307 1342 2388 intrantemque
1387 2308 1589 2374 etiam
1634 2310 1884 2374 latratu
1931 2308 2253 2374 Cerberus
2298 2312 2511 2391 urget,

450 2411 565 2476 ubi
609 2410 821 2492 ipsum
866 2413 1154 2476 Aeacum
1202 2429 1330 2475 una
1374 2429 1519 2476 cum
1551 2410 1829 2476 Cerbero
1869 2416 2091 2492 portas
2145 2411 2476 2477 custodire
2529 2416 2800 2492 apparet

453 2532 533 2579 ex
578 2532 737 2582 voce
783 2513 1093 2579 intrandi.
1183 2513 1533 2597 Quaesitor
1578 2519 1797 2581 autem
1843 2514 2055 2580 Minos
2100 2514 2294 2595 paulo
2355 2520 2505 2596 post
2549 2516 2800 2580 demum

453 2617 720 2683 seorsim
767 2623 1321 2700 commemoratur,
1365 2618 1477 2699 qui
1508 2637 1652 2684 cum
1681 2619 2192 2684 Rhadamantho
2223 2637 2343 2700 per
2384 2622 2594 2684 totum
2642 2618 2804 2683 illud

452 2720 765 2801 temporis
799 2722 1086 2801 spatium
1116 2719 1396 2786 retinuit
1424 2740 1657 2787 munus
1688 2721 1840 2786 inde
1870 2740 1911 2786 a
1940 2721 2238 2786 Platonis
2268 2719 2577 2785 memoria
2611 2718 2802 2785 attri-

452 2821 760 2908 butum.⁸)
804 2822 1116 2889 Fortasse
1139 2825 1421 2889 hocloco
1446 2825 1686 2889 addere
1709 2824 1870 2889 licet
1894 2842 2021 2889 non
2043 2829 2225 2889 recte
2249 2842 2321 2889 se
2345 2824 2609 2906 habere,
2635 2824 2805 2904 quod

455 2925 725 2993 Servius
770 2926 877 3009 (ad
921 2927 1085 2991 Aen.
1129 2926 1242 3009 VI,
1286 2925 1437 3009 432)
1483 2927 1789 2992 adnotat:
1860 2925 2182 3008 „Minoem
2246 2925 2435 3006 quasi
2480 2926 2804 2991 crudelem

451 3028 810 3094 introducit
853 3027 1261 3113 (Vergilius),
1306 3031 1477 3108 quod
1518 3029 1582 3094 ei
1625 3029 1964 3109 epitheton
2010 3033 2080 3094 et
2123 3029 2313 3094 Plato
2359 3032 2427 3094 et
2484 3028 2807 3094 Homerus

456 3131 574 3195 dat
590 3130 675 3213 4);
733 3149 881 3196 110111
929 3132 1191 3197 Aeacus
1251 3135 1322 3196 et
1364 3132 1907 3197 Rhadamanthus
1963 3130 2208 3197 fratres
2252 3130 2548 3197 mitiores
2593 3132 2803 3196 sunt.“

457 3232 645 3314 Quod
684 3251 720 3298 e
762 3237 1059 3299 veterum
1105 3239 1365 3299 tantum
1411 3234 1810 3300 Graecorum
1855 3235 2162 3299 haustum
2209 3253 2355 3300 esse
2399 3232 2807 3315 philosophia

457 3341 737 3427 apparet
796 3355 832 3402 e
890 3336 1174 3402 locorum
1235 3336 1422 3418 copia
1479 3341 1795 3418 congesta
1856 3338 1941 3401 ab
1993 3336 2304 3418 Helbigio
2362 3337 2431 3401 in
2490 3335 2807 3401 Roscheri

635 3503 673 3573 1)
709 3503 792 3558 De
827 3503 951 3559 Orci
986 3505 1217 3560 ianitore
1254 3505 1380 3559 vide
1417 3505 1580 3559 etiam
1620 3505 2059 3574 Helbigium‚
2096 3506 2306 3559 Filhrer
2341 3505 2395 3558 1²
2430 3522 2511 3558 nr.
2552 3506 2670 3559 722.

630 3588 673 3658 ²)
708 3590 1087 3644 Rothsteinius
1134 3591 1168 3644 l.
1205 3607 1246 3644 s.
1296 3607 1345 3659 p.
1394 3591 1496 3644 312
1544 3591 1633 3655 (011
1669 3591 1828 3659 Prop.
1877 3592 1973 3658 IV,
2013 3591 2091 3659 11,
2131 3591 2246 3660 19);
2285 3578 2492 3659 dianus,
2530 3592 2624 3645 der
2669 3591 2809 3644 auch

458 3690 564 3728 von
599 3674 704 3729 den
741 3675 976 3730 anderen
1014 3681 1142 3730 rom.
1179 3676 1442 3731 Dichtern
1478 3676 1754 3730 vielleicht
1788 3693 1893 3730 nur
1929 3693 2125 3745 wegen
2161 3677 2258 3730 der
2294 3675 2664 3745 sprachlichen
2698 3676 2809 3730 und

458 3759 782 3814 metrischen
816 3761 1284 3829 Bequemlichkeit
1331 3762 1424 3816 des
1459 3762 1697 3816 Namens
1733 3763 2037 3831 bevorzugt
2072 3761 2243 3816 wird’.
2316 3762 2418 3816 Sed
2454 3777 2575 3816 011111
2613 3778 2807 3830 prae-

457 3843 638 3898 ferri
674 3861 741 3899 ex
777 3846 1102 3901 testimoniis
1139 3863 1247 3901 non
1281 3852 1454 3914 patet.

632 3930 672 4000 ³)
708 3931 847 3987 Vide
870 3932 1037 3987 etiam
1063 3933 1311 4001 Script.
1349 3949 1475 3987 rer.
1502 3934 1706 4000 myth.
1745 3933 1826 3986 011.
1852 3932 1999 3988 Bode
2024 3933 2097 4000 ΙΙ,
2125 3932 2217 4000 76;
2243 3933 2288 4001 Ι,
2316 3932 2430 3986 172.
2469 3932 2807 4000 Mythogr.

458 4015 604 4069 Lat.
641 4016 723 4070 ed.
760 4033 868 4071 van
891 4019 1152 4072 Staveren
1177 4035 1229 4086 p.
1256 4018 1371 4072 759.
1410 4019 1528 4072 CIL
1551 4019 1647 4087 VI,
1673 4019 1841 4070 21521
1870 4019 2201 4087 (Buecheler,
2229 4019 2402 4072 Carm.
2440 4018 2610 4086 epigr.
2638 4016 2808 4085 1109).

459 4101 541 4154 Ne
575 4117 701 4156 vero
738 4102 867 4170 quid
905 4103 1190 4172 omiserim,
1240 4104 1435 4157 addam
1484 4105 1627 4171 apud
1664 4103 2021 4171 Porphyrium
2059 4103 2237 4172 (Diog.
2277 4103 2458 4157 Laert.
2507 4120 2557 4169 p.
2598 4102 2717 4170 116)
2752 4102 2810 4156 in

464 4188 789 4242 01001110.ᾱο
813 4189 1028 4243 Plotino
1066 4190 1194 4243 dato
1232 4190 1302 4258 (v.
1342 4190 1555 4257 15sqq.)
1593 4191 1778 4244 sedere
1813 4206 1901 4243 eos
1937 4189 1994 4242 in
2031 4189 2308 4243 beatorum
2332 4186 2541 4254 insulis
2578 4188 2673 4241 sed
2709 4203 2814 4241 11011

460 4270 716 4328 iudicare.
787 4272 975 4340 Neque
1009 4274 1067 4327 in
1102 4274 1275 4342 epigr.
1315 4274 1448 4328 1046
1485 4275 1556 4342 (v.
1593 4274 1678 4340 47)
1714 4273 1873 4327 Kaib.
1911 4273 2362 4327 Rhadamanthus
2399 4276 2484 4326 est
2517 4272 2741 4326 iudex.

632 4358 674 4423 ⁴)
711 4357 852 4412 Vide
875 4358 1203 4413 Platonis
1240 4360 1334 4427 qui
1360 4360 1537 4414 fertur
1561 4359 1848 4413 Minoem
1874 4374 1926 4426 p.
1952 4358 2117 4411 3181)
2142 4365 2199 4412 et
2221 4358 2317 4411 Ho
2338 4374 2407 4412 m.
2433 4356 2541 4412 Od.
2566 4356 2664 4425 XI,
2690 4357 2804 4409 321.
