3475 5118
388 455 493 544 47]
1208 452 1290 507 De
1325 455 1660 506 mortuorum
1696 449 1896 505 iudicio
2651 451 2735 516 79

544 628 673 694 Sed
721 625 1122 692 redeundum
1166 627 1271 690 est
1316 624 1400 689 ad
1446 641 1506 690 v.
1550 624 1678 689 432
1701 641 1796 703 sq.
1813 645 1827 687 :

640 731 779 795 Nec
820 746 977 795 vero
1020 729 1150 793 hae
1189 727 1332 793 sine
1376 730 1551 792 sorte
1590 728 1804 808 datae,
1848 725 1992 792 sine
2036 723 2253 791 iudice
2297 725 2516 790 sedes:

634 831 1088 914 quaesitor
1129 830 1403 895 Minos
1447 848 1736 894 urnam
1783 834 2077 895 movet.

490 960 499 967 ’
547 953 724 1019 Ecce
769 951 1065 1018 tribunal
1109 944 1546 1017 Romanorum
1591 969 1767 1015 more
1812 949 2210 1015 institutum.
2311 950 2480 1015 Nam
2539 966 2736 1030 quae-

390 1056 551 1123 sitor
609 1052 1104 1137 quaestionibus
1147 1058 1479 1136 praeerat,
1539 1057 1615 1118 ut
1659 1071 1742 1118 ex
1786 1051 2070 1135 Vergilii
2116 1051 2736 1118 commentatoribus

391 1157 729 1226 discimus:
786 1155 944 1224 vide
987 1156 1246 1239 Lydum
1304 1157 1385 1221 de
1442 1174 1614 1237 mag.
1658 1155 1710 1238 I,
1755 1155 1839 1221 25
1899 1160 1967 1221 et
2024 1154 2313 1221 Servii
2372 1174 2591 1221 comm.
2652 1157 2738 1220 ad

390 1263 549 1328 Aen.
608 1261 721 1344 VI,
763 1261 891 1326 432
941 1259 1390 1344 „quaesitores
1436 1264 1608 1342 sunt,
1654 1258 1767 1339 qui
1813 1258 2197 1324 exercendis
2244 1257 2738 1339 quaestionibus

386 1363 821 1448 praesunt“.¹)
882 1362 1012 1428 Sed
1057 1363 1215 1443 quid
1261 1362 1389 1428 sibi
1435 1363 1666 1428 volunt
1707 1362 1947 1428 verba:
1999 1380 2157 1445 „nec
2202 1380 2358 1429 vero
2390 1360 2533 1427 sine
2564 1366 2739 1427 sorte

391 1470 605 1551 datae,
679 1466 822 1532 sine
874 1465 1092 1532 iudice
1142 1463 1414 1530 sedes?“
1523 1464 1796 1531 Servius
1872 1464 2134 1546 quidem
2193 1466 2234 1530 1.
2310 1483 2358 1530 s.
2420 1463 2739 1546 explicat:

396 1570 588 1654 „Sine
633 1574 837 1635 sorte:
884 1568 1027 1634 sine
1071 1567 1330 1651 iudicio,
1381 1568 1595 1634 traxit
1638 1574 1860 1634 autem
1903 1569 2025 1633 hoc
2071 1587 2153 1634 ex
2197 1586 2375 1633 more
2417 1567 2741 1633 Romano:

388 1693 515 1741 non
560 1673 731 1739 enim
778 1672 1222 1737 audiebantur
1267 1690 1509 1737 causae
1552 1671 1685 1737 nisi
1728 1691 1849 1752 per
1893 1676 2134 1737 sortem
2179 1671 2543 1738 ordinatae.
2588 1689 2741 1736 nam

388 1783 695 1860 tempore,
754 1794 877 1856 quo
924 1793 1164 1840 causae
1211 1776 1601 1858 agebantur,
1647 1774 2129 1841 conveniebant
2174 1792 2395 1839 omnes
2440 1812 2527 1819 —
2571 1775 2742 1839 unde

391 1885 458 1945 et
501 1877 847 1944 concilium
893 1877 993 1942 ait
1024 1915 1102 1923 -
1153 1883 1222 1943 et
1279 1896 1361 1943 ex
1419 1882 1597 1943 sorte
1657 1877 1908 1943 dierum
1953 1877 2248 1943 ordinem
2309 1875 2743 1957 accipiebant,

387 2001 509 2063 quo
552 1986 704 2063 post
749 1980 919 2046 diem
963 1979 1367 2046 tricesimum
1408 1998 1563 2046 suas
1596 1999 1832 2046 causas
1865 1986 2375 2060 exequerentur:
2422 1981 2595 2047 unde
2641 1984 2746 2044 est

386 2103 618 2150 urnam
648 2082 987 2167 movet“.²)
1049 2082 1269 2147 Aliam
1299 2082 1916 2165 interpretationem
1949 2082 2394 2148 adhibuerunt
2422 2080 2746 2164 Ladewig

387 2190 456 2252 et
512 2185 805 2267 Schaper
861 2185 932 2250 in
994 2184 1274 2266 Vergilii
1348 2185 1705 2250 carminum
1775 2184 2063 2251 editione
2123 2184 2586 2251 commentario
2645 2183 2743 2248 in-

388 2295 645 2355 structa
690 2287 814 2371 (ed.
857 2288 976 2353 XI.
1036 2307 1077 2352 a
1120 2288 1192 2353 P.
1236 2287 1564 2354 Deuticke
1611 2288 1887 2373 curata),
1932 2306 2079 2353 cum
2124 2287 2407 2353 Minoem
2453 2306 2534 2353 ex
2577 2285 2745 2351 iudi-

389 2410 531 2457 cum
577 2390 862 2457 decuriis
907 2409 1034 2473 eoS,
1079 2390 1193 2471 qui
1239 2392 1324 2455 ad
1362 2390 1660 2473 singulas
1707 2409 1943 2456 causas
2005 2390 2502 2456 destinarentur
2547 2408 2746 2473 agen·
2812 2388 2817 2392 ’

393 2496 528 2578 daS,
572 2513 742 2559 urna
785 2498 963 2559 mota
1022 2493 1269 2576 eligere
1328 2497 1813 2559 contenderent.
1902 2493 2112 2579 Quam
2172 2493 2570 2559 sententiam
2627 2511 2745 2559 nos

392 2617 645 2679 quoque
701 2596 1125 2678 probabimus
1185 2597 1412 2663 confisi
1470 2597 1596 2681 eiS,
1663 2616 1823 2679 quos
1883 2598 2016 2663 iam
2060 2598 2293 2681 Heyne
2352 2597 2423 2662 in
2468 2616 2746 2663 excursu

393 2704 478 2767 ad
556 2701 719 2766 Aen.
793 2700 905 2766 VI.
976 2720 1036 2781 p.
1112 2700 1279 2766 1025
1352 2699 1531 2766 facto
1607 2701 1781 2766 locos
1863 2700 2172 2783 contulit,
2240 2700 2353 2780 qui
2418 2700 2578 2766 item
2660 2702 2747 2764 ad

389 2803 677 2870 iudicum
722 2802 1130 2868 sortitionem
1161 2802 1540 2886 spectant.’³)
1609 2802 1756 2887 Qua
1786 2802 2131 2868 sortitione
2153 2802 2354 2885 facta,
2397 2802 2745 2884 „silentum

392 2895 730 2973 consilium
774 2911 987 2989 vocat,
1034 2905 1141 2971 die
1187 2906 1361 2971 dicto
1407 2904 1576 2971 citat
1617 2924 1765 2971 reos
1810 2908 1897 2970 ad
1940 2905 2272 2989 iudicium,
2326 2904 2632 2987 vitasque
2678 2909 2747 2970 et

393 3080 520 3131 ante
539 3076 849 3145 Tartarum,
870 3075 1291 3136 ‘Rhadamanthi
1307 3077 1572 3146 regnum',
1598 3076 1807 3131 versari
1820 3076 2112 3145 contendit,
2139 3077 2268 3131 dum
2293 3075 2514 3131 vivendi
2532 3081 2746 3144 tempus

392 3161 471 3215 eis
494 3161 831 3216 destinatum
867 3161 1196 3230 peregerint.
1267 3161 1335 3214 Ei
1385 3166 1584 3229 autem,
1634 3161 1728 3229 qui
1763 3162 1901 3216 falso
1949 3161 2172 3217 crimine
2209 3161 2551 3216 condemnati
2595 3178 2747 3229 prae-

392 3253 609 3302 matura
656 3252 829 3301 morte
874 3247 1231 3316 interierunt,
1279 3247 1502 3301 eandem
1556 3253 1757 3301 sortem
1789 3247 2192 3317 nanciscuntur,
2231 3247 2325 3302 sed
2360 3253 2479 3302 tum
2515 3248 2745 3315 demum,

391 3338 678 3400 postquam
701 3331 876 3386 Minos
909 3331 1331 3401 diligentissime
1365 3347 1562 3387 novum
1601 3331 1862 3387 iudicium
1899 3333 1965 3386 de
2002 3332 2080 3388 eis
2115 3333 2378 3401 instituit,
2427 3338 2494 3387 ut
2526 3348 2749 3402 cognos-

393 3423 556 3485 ceret,
603 3423 790 3471 utrum
835 3423 1040 3472 rectam
1077 3417 1405 3472 sententiam
1435 3416 1696 3472 tulissent
1718 3419 1901 3486 superi
1925 3434 2106 3473 necne.
2179 3418 2236 3472 si
2271 3418 2391 3472 iure
2426 3418 2569 3472 caesi
2603 3424 2746 3484 sunt,

395 3502 609 3571 opinor,
657 3502 847 3557 statim
883 3504 950 3556 ad
987 3503 1466 3557 Rhadamanthum
1502 3508 1560 3557 et
1594 3520 1833 3558 carceres
1868 3503 2151 3558 interiores
2189 3503 2571 3557 detruduntur.
2645 3504 2749 3559 Sed

394 3588 632 3642 nondum
667 3588 972 3657 puniuntur
1005 3587 1064 3643 in
1087 3588 1185 3642 illa
1208 3589 1430 3659 regione
1467 3595 1594 3644 ante
1618 3589 1912 3644 Tartarum
1938 3589 2046 3644 sita
2071 3589 2168 3643 sed
2191 3605 2507 3658 superorum
2531 3594 2749 3644 tantum

397 3672 622 3727 arbitrio
670 3673 916 3728 damnati
967 3673 1228 3729 iudicium
1276 3692 1310 3729 a
1354 3675 1533 3729 Minoe
1590 3674 1791 3729 iterum
1852 3675 2173 3731 institutum
2226 3681 2571 3744 exspectant,
2620 3676 2748 3730 dum

386 3763 639 3827 tempore
687 3765 834 3812 certo
880 3765 1198 3827 consumpto
1246 3760 1316 3814 ad
1351 3760 1608 3815 ultimum
1644 3760 1859 3815 demum
1907 3760 2234 3828 perveniant
2267 3760 2543 3815 iudicium.
2614 3759 2750 3812 'Em-

400 3840 658 3911 διακρίνει
692 3843 870 3913 igitur
896 3844 1085 3914 Minos,
1124 3846 1264 3913 quod
1300 3861 1495 3900 munus
1532 3846 1582 3900 ei
1616 3845 1725 3900 iam
1762 3847 1968 3901 Plato
2016 3846 2307 3901 detulerat.

573 3929 614 3998 ¹)
649 3928 791 3984 Vide
815 3930 916 3984 Th.
953 3930 1343 3999 Mommsen,
1380 3931 1533 3985 Rom.
1571 3932 1912 3988 Staatsrecht
1927 3932 2001 4000 II,
2046 3931 2104 3984 1²
2143 3949 2195 4001 p.
2228 3931 2330 3985 214
2365 3948 2488 3985 cum
2514 3931 2693 3986 adnot.
2718 3932 2751 3984 2

398 4023 456 4068 et
489 4031 542 4082 p.
578 4014 684 4068 572
720 4014 902 4070 adnot.
939 4016 1000 4083 23
1037 4016 1139 4070 573
1174 4017 1354 4071 adnot.
1394 4019 1439 4071 1.
1511 4017 1650 4071 Vide
1697 4017 1863 4071 etiam
1900 4017 1999 4072 Ed.
2036 4017 2268 4087 Norden,
2306 4018 2341 4072 1.
2378 4034 2421 4070 s.
2456 4034 2508 4085 p.
2546 4016 2751 4084 239140.

569 4099 617 4169 ²)
653 4100 795 4155 Vide
829 4101 1019 4156 Iuven.
1057 4102 1212 4171 XIII,
1249 4103 1309 4155 4:
1349 4102 1549 4171 ‘gratia
1582 4100 1767 4156 fallaci
1801 4103 2069 4170 praetoris
2107 4102 2306 4157 vicerit
2340 4103 2512 4156 urna'.

571 4185 612 4255 ⁸)
654 4185 859 4253 „Minos
895 4202 1088 4240 urnam
1113 4194 1311 4256 movet,
1348 4187 1578 4242 sortitur
1600 4186 1823 4243 iudices
1894 4188 2036 4243 Male
2057 4188 2157 4242 hoc
2193 4189 2260 4242 ad
2286 4204 2572 4242 causarum
2597 4187 2753 4241 sorti-

396 4271 601 4326 tionem
652 4270 900 4326 referunt
935 4271 1082 4326 Serv.
1120 4272 1188 4326 al.
1226 4273 1452 4327 Poterat
1488 4273 1575 4327 vel
1612 4272 1844 4329 Senecae
1880 4273 2118 4327 imitatio
2168 4280 2415 4328 errantes
2468 4288 2751 4328 revocare:

395 4357 556 4411 Herc.
608 4357 714 4410 fur.
764 4357 863 4410 731
903 4400 914 4411 .
954 4399 965 4412 .
1004 4399 1016 4410 .
1065 4359 1208 4414 idem
1268 4358 1374 4413 alio
1420 4358 1533 4412 loco
1582 4358 1698 4411 578.
1782 4359 1941 4427 Apud
1990 4359 2336 4428 Propertium
2384 4371 2621 4427 quoque,
2688 4365 2755 4413 ut

394 4442 722 4511 videbimus,
758 4443 911 4497 sedet
945 4444 1155 4497 Aeacus
1192 4443 1468 4511 quaesitor
1502 4449 1560 4498 et
1595 4444 1824 4499 sortitur
1858 4443 2091 4498 iudices:
2129 4445 2210 4499 IV
2245 4444 2327 4513 11,
2366 4444 2480 4497 193⁴
