3475 5118
446 358 556 446 41]
1277 356 1360 410 De
1396 362 1729 411 mortuorum
1763 355 1963 411 iudicio
2715 356 2797 421 73

617 526 675 593 εἰ
718 527 794 592 δέ
832 548 931 603 τις
976 522 1039 590 ἐν
1085 529 1437 612 φθιμένοις
1480 501 1711 611 κρίσις,
1752 524 1842 602 ὡς
1880 524 2145 611 Myos-st)
2190 524 2415 611 ἀ(μ)φὶ
2456 524 2799 609 θανόντων,

751 630 1046 713 Σώγενες,
1093 628 1369 715 οἰκήσεις
1413 626 1504 704 εἰς
1549 626 1748 710 δόμον
1792 627 2118 712 εὐσεβέων.

614 769 696 834 In
739 767 843 834 his
874 766 1177 835 versibus
1208 767 1308 832 ita
1341 766 1413 831 in
1444 766 1821 834 universum
1860 770 2016 833 sunt
2045 765 2222 832 dicta
2252 766 2483 850 omnia,
2529 771 2604 831 ut
2634 765 2801 831 nihil

444 873 628 938 aliud
684 871 815 937 nisi
891 870 1303 936 dubitatione
1377 875 1762 935 commotum
1821 887 1964 935 esse
2037 888 2200 953 eum,
2266 871 2379 950 qui
2446 869 2799 953 dedicavit,

445 980 706 1041 essetne
756 992 829 1039 re
874 991 1034 1040 vera
1063 972 1374 1039 iudicium
1419 972 1682 1053 aliquod
1711 991 1915 1038 necne
1963 975 2140 1054 apud
2169 972 2413 1039 inferos
2459 977 2797 1055 appareat.

441 1079 668 1160 Neque
713 1077 914 1142 etiam
943 1077 1065 1142 hoc
1094 1075 1309 1159 (Kaib.
1355 1077 1481 1141 642
1510 1094 1573 1143 v.
1619 1077 1656 1141 7
1699 1095 1867 1157 sqq.;
1898 1076 2024 1141 III.
2070 1076 2179 1143 vel
2208 1076 2323 1142 IV.
2363 1076 2562 1161 saec.)
2606 1076 2799 1158 plura

444 1182 787 1247 edocemur
833 1179 1336 1263 epigrammate:

857 1294 982 1417 τὴν·
1006 1331 1215 1417 ψυχὴν
1260 1329 1591 1396 ἀπέδωκεν
1635 1330 1700 1408 ἐς
1744 1329 1920 1418 ἀέρα,
1968 1343 2151 1413 σῶμα
2195 1329 2264 1396 δὲ
2307 1331 2472 1418 πρὸς
2514 1340 2645 1418 γῆν.

856 1433 1017 1498 ἀλλὰ
1060 1433 1171 1498 καὶ
1215 1434 1537 1520 εὖσεβείης
1581 1430 1758 1514 ἔσχεν
1800 1437 2006 1519 κρίσιν
2049 1431 2114 1499 ἐν
2156 1426 2572 1519 φθιμένοισιν

854 1536 966 1600 καὶ
1007 1536 1206 1601 πάλιν
1253 1530 1384 1601 εἶδε
1426 1535 1498 1601 τὸ
1546 1548 1688 1623 φῶς
1718 1589 1732 1603 .
1779 1590 1792 1604 .
1841 1584 1854 1598 .
1901 1539 1976 1622 ‚⁴2)
2037 1529 2041 1535 ’

617 1693 874 1759 Addam
934 1691 1427 1775 epigrammatis
1486 1692 1861 1773 nuperrime
1909 1691 2071 1757 editi
2115 1691 2366 1776 (Revue
2411 1695 2523 1758 des
2568 1694 2799 1759 etudes

443 1814 762 1878 grecques
778 1795 942 1861 XVI
963 1796 1159 1861 1903:
1192 1795 1434 1861 Theod.
1458 1795 1773 1866 Reinach‚
1791 1794 2226 1876 Inscriptions
2254 1814 2570 1877 grecques
2594 1816 2654 1878 p.
2673 1797 2797 1862 182

443 1918 545 1966 no.
576 1899 633 1964 2.
665 1897 886 1981 Gizeh,
929 1898 1085 1964 chez
1131 1917 1218 1963 un
1265 1897 1656 1979 antiquaire.
1731 1898 1880 1963 111⁶
1910 1916 1990 1963 ou
2019 1897 2131 1963 110
2178 1898 2374 1964 siecle
2405 1903 2608 1967 avant
2652 1898 2798 1982 LO.)

443 2021 506 2068 v.
549 2003 589 2068 3
614 2020 725 2085 sq„
771 2000 883 2067 ubi
929 2000 1222 2067 Sosibius
1267 2000 1528 2083 quidam
1575 2000 1770 2067 dicit:

646 2153 1023 2231 Πλούτωνός
1063 2176 1132 2217 τε
1170 2151 1411 2236 δόμους
1453 2153 1563 2218 καὶ
1606 2152 2006 2240 Φερσεφόνης
2050 2151 2238 2241 [κα]τ’
2285 2152 2631 2240 maumas

755 2261 935 2343 Μίνῳ
985 2259 1314 2333 σύνθωκος
1359 2256 1418 2320 δ’
1464 2253 1597 2339 εἰμὶ
1641 2257 1799 2342 παρ’
1845 2255 2178 2340 εὖσεβέσιν.

614 2413 910 2480 Sosibius
938 2412 1148 2495 igitur
1177 2413 1285 2480 vel
1314 2432 1450 2478 una
1479 2432 1623 2478 cum
1661 2412 1933 2494 reliquis
1978 2413 2173 2478 iustis
2200 2412 2485 2478 Minoem
2521 2412 2800 2480 adiuvat

444 2515 835 2583 iudicantem
882 2516 990 2584 vel
1034 2514 1360 2603 πάρεδρος
1388 2516 1668 2598 pietatis
1699 2516 1927 2600 gratia
1963 2535 2163 2599 prope
2196 2535 2343 2583 eum
2385 2516 2800 2597 reliquosque

443 2618 649 2686 iustos
696 2621 1051 2686 collocatus
1086 2624 1216 2685 est.

616 2773 798 2857 Quae
822 2773 946 2839 tibi
979 2774 1274 2840 omisisse
1296 2774 1525 2840 videor
1549 2773 1859 2856 carmina,
1896 2773 1968 2838 in
1996 2773 2427 2840 Romanorum
2463 2780 2798 2840 auctorum

445 2883 791 2958 conspectu
834 2877 1133 2944 invenies
1185 2881 1495 2943 tractata.
1584 2878 1807 2958 Atque
1864 2875 2059 2941 huius
2119 2876 2313 2942 seriei
2368 2876 2800 2958 explicandae

443 2979 638 3045 finem
680 2978 941 3062 faciam,
986 2982 1138 3045 dum
1183 2980 1458 3046 Nonni
1503 2978 2049 3061 Dionysiacorum
2094 2979 2266 3044 locos
2311 2979 2623 3062 adiungo:

613 3082 801 3165 XIX⁷
872 3083 993 3148 182
1039 3101 1175 3164 sqq.
1250 3084 1481 3148 Maron
1549 3081 1795 3148 Bacchi
1854 3081 2090 3165 auriga
2150 3081 2435 3147 animam
2493 3082 2800 3166 Staphyli

441 3185 621 3268 regis
667 3184 987 3268 Assyriae
1033 3184 1408 3266 adloquitur
1453 3185 1580 3251 sic:

751 3323 1033 3407 σήμερον,
1073 3321 1129 3385 εἰ
1170 3325 1383 3386 Μίνωϊ
1418 3322 1783 3407 παρήμενος
1826 3314 1938 3385 ἶσα
1983 3320 2264 3401 δικάζεις

750 3422 875 3489 εἴτε
918 3424 1029 3488 καὶ
1074 3423 1516 3506 ἀνθεμόεσσαν
1560 3421 1726 3503 ἔχεις
1768 3422 2246 3505 Ῥαδαμάνθυος
2290 3423 2497 3509 αὐλήν,

747 3526 1054 3592 Ἠλυσίου
1098 3527 1413 3608 λειμῶνος
1457 3521 1520 3590 ἐν
1565 3526 1822 3591 ἄλσεσιν
1865 3524 2062 3612 ἁβρὸν
2105 3525 2341 3590 ὁδεύων

602 3640 704 3694 185
746 3629 1013 3693 κέκλυθι
1057 3639 1195 3694 σεῖο
1239 3637 1570 3716 Μαρῶνος.

612 3783 709 3849 Ut
766 3785 1058 3851 Maronis
1116 3784 1572 3849 reminiscatur
1616 3782 1977 3865 Staphylus
2037 3785 2437 3866 admonetur,
2500 3782 2639 3850 sive
2698 3785 2801 3848 est

439 3883 684 3951 Minois
703 3886 956 3969 collega
972 3890 1057 3970 et,
1074 3890 1152 3951 ut
1165 3885 1444 3953 Luciani
1459 3885 1661 3954 verbo
1676 3890 1849 3968 utar,
1866 3882 2292 3969 παρεδρεύων,
2309 3884 2450 3951 sive
2467 3884 2538 3949 in
2549 3883 2800 3966 Elysiis

620 4089 658 4157 1)
695 4090 836 4146 Vide
872 4090 1064 4145 Aesch.
1101 4090 1286 4159 Suppl.
1324 4090 1445 4144 220.

618 4173 660 4243 ²)
696 4175 953 4231 Fortasse
988 4176 1093 4230 huc
1130 4176 1472 4231 referendum
1508 4180 1595 4230 est
1630 4173 1850 4229 Anthol.
1887 4174 2006 4228 Pal.
2042 4175 2139 4243 XI,
2176 4174 2244 4228 23
2279 4190 2331 4229 v.
2369 4174 2525 4241 3sq.:

922 4261 996 4314 εἰς
1030 4256 1185 4325 ἀΐδην
1219 4265 1317 4324 μία
1351 4263 1483 4311 πᾶσι
1519 4265 1851 4326 καταίβασις·
1889 4261 1936 4308 εἰ
1970 4255 2027 4309 δὲ
2059 4261 2263 4320 ταχέων

922 4345 1168 4413 ἡμετέρη,
1208 4345 1368 4397 Μίνω
1404 4347 1620 4396 θᾶσσον
1657 4344 2003 4413 ἐποψόμεθα.
