3475 5118
751 454 835 519 52
1184 410 1191 415 =
1802 455 1866 508 L.
1903 454 2052 508 Ruhl
2996 454 3106 541 [20

749 625 884 690 iam
956 642 1129 690 nunc
1197 624 1414 691 dicere
1480 624 1737 707 licebit,
1798 623 2121 690 neminem
2181 642 2323 690 esse
2370 624 2484 706 qui
2527 625 2788 691 dubitet
2835 625 2993 706 quin
3037 630 3107 692 et

751 728 1076 793 Pindarus
1123 732 1191 793 et
1251 728 1462 810 Plato,
1521 746 1664 793 cum
1709 728 1780 792 in
1840 727 2081 792 ceteris
2140 729 2355 811 rebuS,
2416 731 2493 793 ut
2551 732 2751 793 antea
2808 727 3107 812 vidimUS,

751 830 1229 913 Pythagoricos
1261 835 1331 895 et
1363 830 1678 912 Orphicos
1711 831 1925 895 secuti
1970 831 2120 913 sint,
2164 835 2562 896 mortuorum
2595 830 2823 896 iudicii
2853 850 3107 911 quoque

751 933 1088 1013 opiniones
1135 952 1215 998 ex
1259 933 1396 998 illis
1459 933 1806 998 hauserint
1860 951 2098 1013 easque
2158 936 2276 997 aut
2331 932 2614 1014 propriis
2669 938 2784 998 aut
2831 934 3104 999 aliorum

750 1035 1100 1101 sententiis
1143 1036 1566 1100 excoluerint.

923 1205 1287 1271 Sententiis
1331 1204 1693 1270 Platonicis
1737 1204 1938 1269 liceat
1996 1204 2155 1269 mihi
2219 1207 2461 1270 addere
2520 1206 2693 1271 locos
2754 1212 2924 1289 treS‚
2989 1207 3101 1287 qui

751 1328 1139 1390 quamquam
1188 1309 1271 1373 ab
1317 1308 1457 1388 ipso
1487 1308 1770 1372 Platone
1814 1326 1943 1372 non
1991 1313 2147 1372 sunt
2192 1309 2563 1390 conscripti,
2607 1306 2830 1374 tamen
2861 1310 3102 1390 optime

750 1413 977 1481 valent
1026 1414 1108 1476 ad
1153 1411 1583 1476 illustrandas
1628 1410 1812 1475 illius
1860 1411 2211 1490 opiniones,

923 1531 1288 1597 Axiochi
1331 1551 1390 1611 p.
1437 1531 1561 1595 371
1609 1531 1664 1594 B
1712 1535 1782 1595 et
1830 1530 1892 1595 C.
1984 1517 2285 1596 Socrates
2338 1530 2465 1596 sibi
2518 1531 2848 1613 Gobryam
2902 1551 3103 1612 quen-

752 1638 899 1699 dam
944 1640 1324 1699 narrantem
1371 1633 1579 1716 fingit,
1641 1652 1810 1713 quae
1852 1628 1920 1693 ἐκ
1964 1643 2151 1696 τινῶν
2204 1632 2488 1712 χαλκέων
2534 1632 2767 1696 δέλτων
2824 1635 2990 1700 Delo
3033 1635 3105 1699 in

750 1737 968 1802 insula
1025 1736 1429 1802 conservatis
1496 1736 1915 1817 compererit:
1989 1735 2149 1816 μετὰ
2207 1735 2312 1818 τὴν
2387 1746 2498 1798 τοῦ
2558 1740 2853 1817 σώματος
2928 1736 3107 1801 λύσιν

748 1837 855 1922 τὴν
894 1837 1108 1921 ψυχὴν
1152 1835 1243 1913 εἷς
1287 1837 1392 1901 τὸν
1435 1835 1668 1922 ἄδηλον
1712 1848 1942 1921 χωρεῖν
1970 1838 2174 1901 τόπον
2201 1838 2363 1900 κατὰ
2393 1837 2499 1922 τὴν
2527 1837 2831 1920 ὑπόγειον
2861 1836 3105 1925 οἴκησιν

751 1961 920 2023 quae
965 1942 1204 2007 deinde
1250 1941 1661 2006 describitur.
1741 1942 1847 2007 Ibi
1908 1950 2065 2007 sunt
2114 1940 2193 2004 τὰ
2238 1941 2543 2023 πρόπυλα
2598 1950 2707 2025 τῆς
2766 1938 2857 2018 εἰς
2899 1942 3101 2005 Πλού-

746 2065 945 2120 τωνος
967 2041 1120 2107 ὁδοῦ
1135 2064 1150 2077 ·
1174 2096 1188 2109 .
1213 2096 1226 2108 .
1251 2095 1265 2108 .
1291 2054 1516 2109 ,ταῦτα
1541 2041 1626 2127 δὲ,
1647 2044 1809 2109 dicit
1826 2044 2145 2125 Socrates,
2165 2043 2501 2122 ἀνοίξαντα
2522 2043 2816 2124 ποταμὸς
2839 2044 3105 2128 Ἀχέρων

748 2143 1097 2226 ἐκδέχεται,
1156 2145 1314 2228 μεθ’
1374 2147 1446 2211 ὃν
1496 2146 1816 2222 Κωκυτός,
1878 2148 1988 2221 οὓς
2046 2145 2162 2231 χρὴ
2225 2148 2767 2231 πορθμεύσαντας
2825 2145 3104 2232 ἀχθῆναι

749 2247 864 2312 ἐπὶ
914 2252 1140 2313 Μίνω
1208 2249 1317 2312 καὶ
1375 2247 1961 2330 Ῥαδάμανθυν,
2029 2249 2065 2312 ὃ
2129 2248 2421 2332 κλῄζεται
2486 2246 2714 2312 πεδίον
2774 2247 3100 2335 ἀληθείας.

749 2354 1029 2415 ἐνταῦθα
1094 2351 1480 2431 καθέζονται
1552 2350 1847 2415 δικασταὶ
1922 2352 2354 2437 ἀνακρίνοντες
2422 2362 2549 2415 τῶν
2617 2350 3104 2438 ἀφικνουμένων

751 2450 1031 2526 ἕκαστον,
1075 2457 1214 2518 τίνα
1259 2457 1403 2532 βίον
1445 2457 1721 2537 βεβίωκε
1766 2456 1875 2518 καὶ
1903 2459 2066 2518 τίσιν
2110 2453 2602 2540 ἐπιτηδεύμασιν
2646 2455 2970 2540 ἐνῳκίσθη
3010 2465 3099 2538 τῷ

751 2558 1034 2639 σώματι·
1080 2559 1469 2641 ψεύσασθαι
1510 2559 1627 2639 μὲν
1672 2551 1780 2622 οὖν
1821 2556 2156 2646 ἀμήχανον.
2227 2556 2406 2633 ὅσοις
2446 2556 2560 2639 μὲν
2606 2552 2716 2622 οὖν
2754 2556 2820 2623 ἐν
2860 2569 2972 2646 τῷΦ
2999 2557 3103 2643 ζῆν

751 2658 1000 2741 δαίμων
1044 2658 1294 2744 ἀγαθὸς
1334 2660 1745 2733 ἐπέπνευσεν,
1789 2661 1881 2736 εἰς
1922 2660 2028 2724 τὸν
2070 2672 2195 2724 τῶν
2224 2660 2497 2744 εὐσεβῶν
2526 2673 2730 2745 χῶρον
2760 2661 3103 2741 οἰκίζονται

752 2814 765 2827 .
817 2809 830 2825 .
882 2811 894 2824 .
943 2762 1123 2838 ὅσοις
1179 2762 1249 2828 δὲ
1297 2762 1368 2827 τὸ
1417 2763 1526 2850 ζῆν
1589 2762 1699 2827 διὰ
1758 2766 2294 2850 κακουργημάτων
2337 2760 2581 2849 ἠλάθη,
2635 2763 2897 2846 ἄγονται
2938 2764 3104 2850 πρὸς

747 2865 1047 2952 Ἐρινύων
1091 2866 1196 2931 ἐπ’
1249 2863 1470 2953 ἔρεβος
1526 2867 1636 2931 καὶ
1690 2869 1850 2946 χάος
1909 2864 2044 2944 διὰ,
2078 2868 2410 2952 ταρτάρου,
2470 2863 2634 2929 ἔνθα
2692 2877 2903 2950 χῶρος
2961 2865 3104 2930 ἀσε-

749 2972 882 3052 βῶν
928 3016 1202 3032 .....

918 3091 1133 3156 Locus
1178 3091 1404 3173 igitur,
1462 3091 1579 3156 ubi
1621 3092 1856 3155 sedent
1898 3090 2171 3172 iudiceS,
2230 3108 2359 3154 non
2404 3090 2535 3154 iam
2594 3089 2765 3155 idem
2810 3093 2934 3173 est,
2994 3088 3104 3170 qui

749 3189 1068 3275 Platonis,
1133 3211 1279 3258 cum
1335 3211 1510 3258 nunc
1568 3201 1713 3257 eum
1775 3192 1970 3257 situm
2034 3210 2176 3258 esse
2236 3194 2356 3257 sub
2414 3196 2601 3257 terra
2647 3193 2990 3258 audiamus
3034 3191 3101 3256 in

748 3313 950 3377 regno
1016 3294 1331 3360 Plutonis.
1442 3294 1723 3376 Campus
1789 3301 2009 3360 autem
2077 3294 2390 3361 veritatis
2458 3312 2573 3360 cur
2639 3299 2911 3361 vocetur
2975 3313 3102 3359 non

750 3396 1021 3463 difficile
1068 3403 1168 3462 est
1212 3397 1577 3463 intellectu.
1651 3397 1821 3464 Nam
1851 3403 1928 3462 ut
1958 3416 2185 3466 verum
2219 3397 2486 3469 edicant
2514 3397 2753 3462 mortui
2784 3403 3103 3479 coguntur

748 3520 789 3565 a
817 3500 1037 3566 Minoe
1069 3505 1137 3566 et
1164 3500 1693 3583 Rhadamantho,
1724 3500 1839 3580 qui
1869 3500 1994 3565 soli
2023 3500 2132 3566 hic
2162 3501 2411 3567 iudices
2442 3498 3099 3581 commemorantur.¹)

748 3604 968 3684 Atque
1011 3601 1190 3668 infra
1234 3602 1319 3687 (p.
1352 3603 1435 3668 93
1451 3601 1614 3687 sqq.)
1660 3604 1976 3683 quomodo
2006 3602 2077 3667 in
2121 3603 2419 3668 Axiocho
2464 3601 2712 3669 factum
2759 3621 2901 3669 esse
2944 3600 3104 3667 mihi

747 3706 1072 3788 videatur,
1125 3711 1199 3770 ut
1244 3706 1505 3770 Aeacus
1550 3703 1985 3789 omitteretur,
2031 3705 2365 3771 disseram.
2453 3706 2696 3771 Eodem
2741 3705 2813 3769 hi
2854 3704 3101 3770 iudices

747 3806 959 3872 officio
1018 3806 1386 3891 funguntur
1430 3826 1555 3887 quo
1599 3807 1959 3874 Platonici:
2019 3807 2293 3873 mittunt
2334 3808 2477 3891 pios
2520 3807 2588 3873 in
2633 3807 2885 3888 piorum
2932 3825 3099 3871 cam-

745 3928 880 3992 pOS,
921 3910 1037 3976 ubi
1078 3911 1252 3977 bona
1293 3910 1634 3991 praeclara
1665 3911 1764 3976 eis
1808 3914 2051 3992 parata
2090 3916 2261 3993 sunt,
2304 3909 2540 3992 impios
2568 3909 2793 3975 Furiis
2838 3909 2909 3974 in
2937 3909 3099 3975 Ere-

747 4013 901 4079 bum
945 4019 1030 4078 et
1088 4013 1316 4097 ChaoS,
1372 4017 1451 4078 ut
1507 4012 1605 4079 ibi
1665 4014 2069 4079 collocentur
2130 4017 2199 4079 et
2255 4031 2501 4094 poenas
2552 4013 2763 4094 luant,
2822 4014 3102 4077 tradunt

748 4117 1087 4182 ducendos.
1196 4115 1299 4181 De
1356 4116 1603 4182 iudicio
1678 4135 1821 4182 cnm
1896 4115 2452 4199 metempsychosi
2519 4114 2861 4181 coniuncto
2933 4113 3103 4179 nihil

924 4344 965 4421 ¹)
1000 4354 1120 4408 Non
1155 4359 1302 4409 recte
1335 4354 1513 4424 igitur
1546 4354 1857 4423 disputavit
1892 4355 1953 4409 L.
1990 4354 2308 4408 Schmidt
2341 4355 2377 4408 1.
2414 4370 2455 4408 S.
2492 4370 2544 4422 p.
2579 4353 2693 4422 101,
2732 4353 2828 4422 qui
2861 4352 3102 4407 Axiocho

748 4454 957 4507 quoque
992 4445 1105 4494 tres
1141 4439 1397 4494 attribuit
1433 4439 1656 4494 iudices,
