3475 5118
681 389 768 454 44
1732 385 1796 439 L.
1832 385 1980 439 num
2919 387 3028 473 [12

852 559 951 623 Ac
1008 555 1259 640 mirum,
1317 574 1441 637 quo
1503 557 1690 622 modo
1751 560 2151 638 cognoscant
2205 556 2471 640 iudiceS,
2531 575 2699 637 quae
2758 557 3030 638 quisque

679 661 854 743 apud
878 677 1145 741 superos
1176 658 1564 740 peccaverit.
1638 658 1807 723 Nam
1837 658 2117 724 animam
2151 658 2342 740 quasi
2371 677 2638 741 corpore
2664 659 3030 740 praeditam

679 763 1078 830 vestimenta
1106 761 1336 828 iubent
1366 779 1623 844 exuere,
1659 766 1732 826 ut
1763 761 1942 827 notis
1974 761 2361 842 quibusdam
2390 762 2580 828 velut
2609 761 3033 828 cicatricibus

679 865 1011 947 impressis
1070 865 1246 931 vitia
1310 863 1561 946 possint
1626 882 2007 930 enumerare
2072 883 2242 932 neve
2286 864 2533 931 diutius
2600 864 3031 946 decipiantur.

679 968 906 1049 Neque
951 969 1504 1049 praetereundum
1549 972 1652 1033 est
1711 968 1963 1033 duobus
2006 967 2167 1033 locis
2211 967 2537 1034 iudicibus
2580 968 2841 1050 ignotos
2886 986 3032 1034 esse

679 1088 824 1136 reos
869 1070 1194 1152 expressis
1241 1069 1467 1137 verbis
1511 1068 1996 1135 commemorari
2039 1069 2264 1154 (Gorg.
2308 1071 2435 1136 524
2457 1072 2532 1154 Β,
2581 1071 2709 1138 526
2732 1071 2844 1156 Β),
2897 1069 3032 1153 ubi,

685 1191 817 1254 qua
862 1175 946 1238 de
989 1191 1192 1239 causa
1234 1172 1305 1238 id
1346 1172 1482 1255 fiat,
1527 1173 1811 1238 additur.
1900 1172 2316 1256 Singulorum
2360 1173 2637 1254 denique
2692 1177 3036 1254 postquam

680 1275 849 1341 satis
892 1279 1370 1356 perspexerunt
1412 1275 1685 1342 vivendi
1726 1275 2065 1359 rationem,
2109 1275 2300 1358 signa
2341 1276 2626 1359 affigunt
2668 1276 2739 1341 in
2783 1275 3031 1342 iudica-

680 1382 896 1444 torum
941 1378 1348 1459 corporibus:
1410 1384 1479 1443 et
1520 1378 1590 1442 in
1634 1378 2010 1459 pectoribus
2055 1378 2315 1459 quidem
2354 1398 2591 1463 eorum,
2650 1378 2763 1460 qui
2813 1377 3033 1445 sancti

683 1480 982 1561 castique
1012 1483 1098 1547 ad
1127 1480 1391 1563 Elysios
1422 1479 1853 1546 dimittuntur
1895 1499 2184 1563 campos3
2247 1481 2361 1562 qui
2404 1485 2626 1547 autem
2669 1483 2755 1547 ad
2793 1482 3033 1547 Tarta-

681 1603 825 1649 rum
869 1583 970 1649 ire
1015 1588 1352 1666 coguntur,
1418 1582 1489 1647 in
1534 1583 1746 1666 tergis
1788 1601 2005 1648 secum
2065 1587 2331 1664 portant
2387 1584 2537 1651 illas
2594 1588 2801 1668 notaS,
2865 1603 3034 1665 quae

681 1695 915 1771 σημεῖα
969 1689 1294 1753 vocantur
1357 1685 1616 1749 πάντων
1681 1681 1769 1748 ὧν
1835 1681 2123 1770 ἔπραξαν
2182 1684 2365 1770 (Rep.
2418 1688 2543 1752 614
2569 1686 2732 1773 O).1)
2825 1687 3033 1770 Quem

681 1790 772 1854 ad
813 1789 1023 1854 locum
1057 1787 1218 1852 mihi
1260 1787 1462 1854 liceat
1506 1789 1751 1854 addere
1794 1788 2013 1854 Procli
2059 1789 2562 1871 explicationem
2606 1790 2701 1872 (II
2741 1810 2802 1871 p.
2850 1789 3034 1873 150):

685 1889 754 1954 αἱ
794 1889 911 1972 μὲν
953 1943 967 1957 .
1014 1942 1028 1957 .
1071 1891 1392 1976 κρείττους
1457 1889 1621 1974 (scil.
1666 1890 1902 1976 ψυχαὶ)
1975 1891 2088 1954 καὶ
2146 1890 2238 1966 εἰς
2295 1902 2439 1955 νοῦν
2498 1890 2653 1977 δρᾶν
2696 1889 3035 1956 ἐθέλουσιν

685 2042 697 2055 .
749 2039 762 2055 .
810 1992 921 2056 καὶ
962 1995 1414 2077 γιγνώσκουσιν
1460 1989 1686 2068 ἑαυτὰς
1735 1993 1845 2056 καὶ
1900 1991 1972 2056 τὸ
2033 1993 2267 2058 οἰκεῖον
2307 1993 2517 2070 τέλος·
2574 1992 2676 2058 διὸ
2718 2005 3035 2059 κινοῦνται

679 2095 787 2181 τὴν
815 2095 932 2159 ἐπὶ
977 2094 1158 2176 δεξιὰ
1201 2095 1314 2159 καὶ
1358 2095 1490 2159 ἅνω
1536 2096 1646 2158 καὶ
1687 2095 1769 2159 τὰ
1814 2094 2149 2160 ὄικαστικὰ
2180 2107 2410 2183 σημεῖα
2440 2096 2671 2182 πρόσω
2706 2100 3034 2183 φέρουσιν.

684 2198 754 2263 αἱ
812 2197 883 2263 δὲ
940 2202 1194 2284 χείρους
1251 2199 1362 2262 καὶ
1418 2195 1511 2275 εἰς
1565 2197 1673 2283 τὴν
1713 2209 1839 2262 τῶν
1882 2201 2118 2263 παθῶν
2169 2198 2436 2278 ἀταξίαν
2490 2198 3032 2287 ὄπισθοβαροῦσι,

685 2349 698 2363 .
759 2349 772 2363 .
822 2348 836 2363 .
885 2300 986 2364 διὸ
1044 2301 1155 2364 καὶ
1211 2303 1382 2364 κάτω
1442 2312 1724 2387 χωροῦσι
1772 2347 1786 2363 .
1837 2348 1851 2363 .
1912 2303 2023 2365 καὶ
2067 2300 2278 2366 ὀπίσω
2338 2304 2766 2390 περιάπτεται
2809 2302 3035 2381 αὐταῖς

682 2405 762 2468 τὰ
821 2414 1047 2490 σημεῖα
1103 2412 1211 2489 τῆς
1267 2406 1554 2487 κρίσεως.
1626 2403 1698 2466 οὐ
1743 2404 1867 2489 γὰρ
1918 2404 2231 2488 βλέπουσι
2285 2405 2367 2469 τὰ
2424 2405 2590 2470 κακὰ
2653 2405 2735 2469 τὰ
2796 2402 3036 2469 ἑαυτῶν

685 2504 832 2571 οὐδὲ
885 2510 1300 2591 γιγνώσκουσι
1341 2505 1421 2570 τὰ
1466 2504 1673 2571 οἰκεῖα
1727 2509 1941 2593 πάθη,
1977 2553 1991 2569 .
2019 2553 2033 2569 .
2058 2553 2072 2569 .
2132 2506 2248 2594 χρὴ
2307 2506 2378 2572 δὲ
2427 2519 2569 2585 ταῖς
2611 2507 3038 2596 ἀλογωτέραις

686 2609 1028 2691 ἀπονέμειν
1051 2607 1387 2691 δυνάμεσιν
1413 2609 1493 2672 τὰ
1524 2606 1615 2685 εἰς
1643 2610 1724 2673 τὰ
1757 2608 2033 2674 ὄπισθεν
2052 2620 2194 2687 ταῖς
2217 2623 2523 2696 φυσικαῖς
2522 2657 2753 2684 ......
2779 2611 2869 2689 ὣς
2893 2622 3039 2689 ταῖς

680 2716 1091 2798 νοερωτέραις
1110 2711 1220 2797 τὴν
1242 2711 1333 2789 εἰς
1353 2710 1425 2775 τὸ
1447 2712 1676 2800 πρόσω
1708 2712 1964 2797 βλέψιν,
1992 2759 2006 2775 .
2034 2758 2049 2775 .
2082 2714 2191 2777 καὶ
2219 2723 2403 2778 τοῦτο
2432 2714 2627 2778 παντὶ
2656 2719 3037 2800 καταφανές,

683 2815 782 2879 ὅτι
842 2817 1118 2902 σημείων
1179 2810 1344 2879 ἐστὶν
1397 2812 1579 2903 ἔργον
1618 2817 1821 2879 τύπον
1857 2819 1975 2897 μέν
2015 2839 2159 2880 τινα
2202 2817 2314 2880 καὶ
2353 2815 2532 2897 ἰ’χνος
2571 2815 2828 2881 ἐκείνων
2871 2815 3040 2897 ἔχειν

685 2914 773 2980 ὧν
816 2912 984 2981 ἐστιν
1028 2927 1279 3003 σημεῖα,
1311 2965 1324 2979 .
1359 2964 1373 2980 .
1404 2964 1418 2979 .
1466 2915 1526 2983 εἰ
1569 2913 1679 2983 οὖν
1721 2917 1967 2983 τοιόνδε
2010 2942 2076 2982 τι
2120 2917 2305 3005 δηλοῖ
2358 2919 2430 2984 τὸ
2493 2930 2769 3006 σημεῖον,
2839 2915 3038 3006 οὗπερ

684 3021 764 3083 ἂν
803 3014 843 3103 ᾗ
887 3030 1163 3106 σημεῖον,
1208 3019 1410 3103 λέγειν
1453 3020 1571 3107 χρὴ
1615 3020 1952 3085 κάνταῦθα
1993 3021 2102 3107 τὴν
2144 3020 2515 3108 πρόδρομον
2556 3032 2686 3085 τῶν
2722 3020 3039 3087 δικαστῶν

684 3119 778 3198 εἰς
816 3121 932 3197 τὰς
973 3121 1192 3205 ψυχὰς
1236 3121 1415 3186 δόσιν
1454 3134 1578 3187 τῶν
1622 3122 2060 3209 ὀφειλομένων
2106 3136 2363 3206 σημεῖον
2403 3127 2901 3212 προσαγορεύειν
2929 3124 3039 3190 τὸν

682 3227 908 3307 μῦθον.
997 3226 1268 3291 Proclus
1332 3225 1542 3309 igitur
1599 3226 1810 3310 signis
1876 3229 1947 3293 in
2012 3233 2410 3294 mortuorum
2480 3230 2857 3310 pectoribus
2918 3234 3039 3295 aut

684 3328 895 3410 tergis
954 3327 1169 3394 affixis
1227 3329 1427 3391 τύπον
1484 3328 1591 3392 καὶ
1646 3327 1824 3408 ἰ’χνος
1874 3327 2129 3393 ἐκείνων
2171 3325 2422 3409 ἔχουσιν
2467 3327 2557 3393 ὧν
2596 3325 2766 3394 ἐστὶν
2809 3341 3039 3417 σημεῖα

686 3432 957 3497 eandem
985 3432 1120 3497 vim
1152 3431 1469 3497 attribuit
1499 3451 1692 3512 quam
1737 3434 2038 3513 στίγμασι
2079 3433 2150 3498 in
2193 3433 2430 3500 animis
2475 3433 2638 3515 ipsis
2679 3433 3038 3518 impressis,

684 3537 763 3598 ut
812 3553 979 3614 quae
1038 3552 1249 3615 poena
1308 3534 1398 3600 sit
1457 3536 1818 3600 statuenda
1875 3535 2074 3601 facile
2133 3537 2218 3602 ab
2264 3536 2379 3620 eiS,
2438 3555 2706 3617 quorum
2765 3538 2887 3602 hoc
2931 3541 3037 3603 est

686 3634 986 3719 officium,
1046 3638 1552 3720 cognoscatur.²)

862 3856 902 3925 ²)
938 3855 1100 3924 Apud
1122 3858 1171 3911 A
1186 3873 1321 3926 egy
1338 3857 1552 3925 ptios,
1577 3864 1864 3925 postquam
1881 3863 2127 3913 mortuus
2154 3859 2222 3913 ad
2243 3859 2471 3914 Osiridis
2500 3860 2742 3914 tribunal
2770 3860 3036 3930 pervenit,

684 3959 775 4010 ψυ
787 3961 860 4005 χο
875 3944 1077 3992 στασί
1089 3962 1122 3991 a
1157 3942 1486 4011 instituitur,
1524 3948 1590 3996 ut
1621 3943 1808 4011 turpia
1853 3948 1911 3997 et
1956 3944 2185 3999 honesta
2218 3945 2367 3998 facta
2412 3945 2817 4014 dignoscantur.
2889 3945 3040 4012 Quae

685 4028 863 4081 omnia
898 4044 932 4081 a
967 4028 1066 4082 deo
1102 4028 1350 4096 quodam,
1388 4027 1475 4082 cui
1497 4043 1690 4082 nomen
1727 4035 1812 4083 est
1847 4029 2105 4098 Thoth,
2142 4028 2201 4084 in
2224 4029 2454 4084 tabellas
2478 4030 2804 4100 referuntur,
2842 4031 3038 4098 quibus

683 4129 815 4167 usus
852 4112 1020 4168 Osiris
1058 4112 1250 4167 deinde
1285 4113 1492 4182 profert
1527 4129 1793 4168 summam
1830 4115 2175 4169 sententiam.
2246 4115 2366 4170 Hae
2400 4115 2634 4170 tabellae
2682 4116 2885 4171 similes
2920 4132 3039 4172 esse

683 4198 944 4253 videntur
979 4198 1227 4252 Platonis
1251 4198 1546 4267 signorum.
1618 4200 1758 4254 Vide
1793 4200 1871 4255 Le
1894 4200 2034 4256 livre
2074 4201 2166 4256 des
2205 4207 2389 4270 mortS,
2427 4201 2567 4255 trad.
2597 4218 2697 4270 par
2720 4203 2781 4257 P.
2806 4202 3037 4272 Pierret,

683 4300 736 4351 p.
761 4283 860 4336 131
898 4289 955 4338 et
990 4284 1443 4339 Wiedemannum
1477 4301 1530 4353 p.
1568 4285 1685 4339 131.

856 4368 896 4434 ¹)
933 4368 1080 4435 Quae
1129 4370 1309 4424 omnia
1355 4370 1459 4424 etsi
1494 4386 1524 4425 e
1572 4370 1887 4426 recentioris
1923 4371 2193 4427 Platonici
2239 4372 2578 4441 philosophia
2612 4372 3040 4442 contemplativa
