3475 5118
512 432 620 519 23]
1353 432 1435 487 De
1469 437 1808 487 mortuorum
1843 430 2043 486 iudicio
2782 433 2866 499 55

512 606 819 685 στίγματα
876 603 1304 684 appellantur
1361 621 1402 668 a
1444 602 1744 685 Platone,
1805 601 2039 682 quibus
2100 606 2547 684 cognoverunt
2605 602 2863 670 Aeacus

510 706 724 772 Minos
796 705 1356 787 Rhadamanthus,
1438 723 1605 785 quae
1680 704 1952 785 quisque
2040 706 2212 786 apud
2300 723 2567 786 superos
2640 704 2709 770 in
2793 724 2865 772 se

511 809 763 875 scelera
843 807 1141 890 admisit,
1228 826 1372 873 cum
1447 808 1626 888 apud
1698 807 2130 873 Plutarchum
2202 806 2268 890 (l.
2346 825 2398 872 c.
2470 828 2532 889 p.
2605 809 2733 874 564
2776 807 2863 891 D)

510 910 829 993 legimus:
902 907 937 972 ὃ
1001 911 1356 983 Θεσπέσιος
1416 955 1429 970 .
1478 954 1492 970 .
1556 903 1718 972 εἶδεν
1775 960 1788 973 .
1835 955 1848 969 .
1914 906 2143 992 ἑτέρων
2213 908 2376 993 (scil.
2439 909 2695 994 ψυχῶν)
2763 961 2778 976 .
2850 960 2865 975 .

510 1009 789 1098 φολίδας
861 1011 1038 1087 τινὰς
1103 1009 1551 1095 διατρεχούσας
1626 1006 1664 1092 ἢ
1720 1009 2053 1092 μώλωπας
2124 1008 2422 1092 ἀραιούς,
2497 1010 2727 1088 ἄλλους
2793 1009 2865 1075 δὲ

508 1114 739 1199 κομιδῇ
770 1113 1100 1191 ποικίλους
1131 1115 1242 1178 καὶ
1272 1113 1552 1190 ἀτόπους
1579 1112 1688 1199 τὴν
1718 1112 1895 1196 ὄψιν,
1944 1114 2161 1198 ὥσπερ
2206 1112 2269 1177 οἱ
2309 1113 2477 1192 ἔχιες
2501 1113 2867 1196 μελάσμασι

509 1220 1026 1300 κατεστιγμένους
1057 1262 1267 1284 .....
1312 1213 1519 1299 ἔλεγεν
1564 1211 1672 1280 οὖν
1717 1263 1730 1278 .
1782 1263 1795 1277 .
1845 1214 1879 1280 ὁ
1923 1225 2036 1280 τοῦ
2080 1218 2434 1280 Θεσπεσίου
2479 1215 2771 1301 συγγενὴς
2800 1268 2815 1283 .
2848 1263 2861 1278 .

511 1320 600 1397 ὡς
644 1318 1014 1406 Ἀδράστεια
1054 1318 1170 1401 μὲν
1221 1372 1235 1386 .
1266 1372 1281 1386 .
1311 1372 1325 1386 .
1371 1317 1485 1383 ἐπὶ
1528 1330 1693 1382 πᾶσι
1735 1319 2013 1402 τιμωρὸς
2056 1316 2357 1382 ἀνωτάτω
2391 1322 2686 1383 τέτακται
2728 1329 2865 1395 τοῖς

509 1422 886 1509 ἀδικήμασι·
933 1422 1044 1485 καὶ
1078 1474 1090 1487 .
1124 1475 1137 1489 .
1183 1422 1332 1497 τοὺς
1372 1421 1488 1503 μὲν
1519 1472 1532 1486 .
1570 1468 1584 1483 .
1628 1420 2137 1506 μεταχειρίζεται
2177 1420 2372 1506 Ποινὴ
2415 1432 2641 1501 ταχεῖα
2671 1474 2684 1488 .
2716 1473 2731 1488 .
2777 1418 2866 1484 ὧν

510 1524 580 1589 δὲ
610 1524 835 1608 μεῖζόν
866 1524 1037 1590 ἐστιν
1066 1523 1250 1611 ἔργον
1277 1521 1317 1606 ἢ
1346 1524 1501 1609 περὶ
1530 1522 1637 1610 τὴν
1668 1526 1897 1588 κακίαν
1929 1520 2207 1610 ἰατρεία,
2236 1525 2495 1599 τούτους
2516 1526 2680 1608 Δίκῃ
2701 1525 2863 1605 μετὰ

505 1629 614 1712 τὴν
633 1627 917 1712 τελευτὴν
948 1627 982 1692 ὃ
1008 1626 1255 1709 δαίμων
1275 1625 1714 1713 παραδίδωσι,
1736 1627 1885 1703 τοὺς
1908 1624 1979 1690 δὲ
2003 1673 2016 1688 .
2039 1675 2052 1689 .
2074 1673 2087 1687 .
2115 1625 2152 1710 ἡ
2173 1629 2349 1713 τρίτη
2373 1626 2481 1689 καὶ
2507 1625 2864 1713 ἀγριωτάτη

507 1743 627 1796 τῶν
659 1729 1053 1817 Ἀδραστείας
1093 1728 1428 1816 ὑπουργῶν
1469 1729 1711 1815 Ἐρινύς
1758 1775 1772 1791 .
1823 1776 1837 1792 .
1888 1776 1901 1791 .
1947 1728 2225 1815 ἠφάνισε
2265 1735 2348 1812 (p.
2393 1731 2519 1797 565
2550 1731 2686 1815 Α).
2734 1782 2747 1796 .
2793 1730 2866 1806 ὃς

509 1832 569 1897 δ’
611 1834 688 1898 ἂν
733 1829 981 1898 ἐκεῖθεν
1024 1832 1376 1909 ἀκόλαστος
1419 1832 1699 1897 ἐνταῦθα
1736 1832 1848 1895 καὶ
1892 1830 2266 1918 ἀκάθαρτος
2303 1830 2602 1920 ἐξίκηται,
2645 1843 2866 1897 τοῦτον

505 1935 542 2019 ἡ
586 1939 749 2022 Δίκη
792 1936 1189 2019 διαλαβοῦσα
1242 1947 1317 2021 τῇ
1382 1946 1557 2021 ψυχῇ
1599 1944 1934 2021 καταφανῆ
1975 1935 2226 2020 γυμνόν,
2275 1934 2366 2011 εἰς
2410 1934 2592 1999 οὐδὲν
2635 1932 2863 2015 ἔχοντα

505 2037 851 2104 καταδῦναι
911 2039 1023 2103 καὶ
1082 2038 1605 2124 ἀποκρύψασθαι
1664 2038 1772 2102 καὶ
1838 2038 2239 2124 περιστεῖλαι
2302 2037 2408 2113 τὴν
2471 2039 2860 2124 μοχθηρίαν,

510 2141 671 2206 ἀλλα
698 2142 1112 2222 πανταχόθεν
1140 2141 1251 2205 καὶ
1279 2138 1406 2206 ὑπὸ
1447 2142 1703 2205 πάντων
1746 2140 1857 2204 καὶ
1901 2143 2114 2204 πάντα
2156 2142 2614 2225 καθορώμενον
2658 2136 2863 2218 ἔδειξε

511 2295 525 2309 .
560 2296 575 2311 .
607 2291 621 2307 .
655 2298 669 2312 .
715 2246 867 2331 (566
912 2246 995 2331 F)
1055 2296 1070 2311 .
1113 2297 1127 2311 .
1191 2244 1371 2320 τέλος
1429 2243 1499 2308 δὲ
1556 2243 1665 2307 τὸν
1721 2248 1969 2328 πατέρα
2025 2242 2135 2308 τὸν
2191 2242 2415 2308 ἑαυτοῦ
2465 2241 2749 2307 κατεῖδεν
2794 2239 2864 2306 ἔκ

509 2369 682 2423 τινος
723 2350 1062 2433 βαράθρου
1106 2349 1469 2431 στιγμάτων
1526 2346 1637 2410 καὶ
1696 2345 1902 2410 οὐλῶν
1962 2345 2194 2428 μεστὸν
2250 2343 2676 2428 ἀναδυόμενον
2720 2398 2735 2412 .
2784 2391 2798 2407 .
2848 2392 2864 2409 .

513 2460 767 2514 σιωπᾶν
827 2449 941 2514 οὐκ
1008 2446 1308 2532 ἐώμενον,
1378 2447 1516 2512 ἀλλ’
1583 2447 1921 2533 ὁμολογεῖν
1993 2448 2496 2532 ἀναγκαζόμενον
2553 2446 2681 2513 ὑπὸ
2737 2458 2862 2511 τῶν

510 2551 892 2639 ἐφεστώτων
919 2563 1061 2631 ταῖς
1087 2555 1443 2640 τιμωρίαις,
1473 2551 1572 2618 ὅτι
1602 2553 1755 2640 περὶ
1787 2553 2002 2633 ξένους
2038 2552 2216 2629 τινὰς
2255 2553 2485 2639 μιαρὸς
2525 2552 2863 2637 γενόμενος

506 2659 768 2742 χρυσίον
838 2654 1130 2736 ἔχοντας,
1220 2657 1592 2741 φαρμάκοις
1665 2655 2063 2742 διαφθείρας
2133 2656 2243 2720 καὶ
2323 2651 2454 2719 ἐκεῖ
2530 2654 2863 2719 διαλαθὼν

510 2758 815 2837 ἅπαντας,
861 2754 1112 2824 ἐνταῦθ’
1156 2758 1571 2841 ἐξελεγχθείς,
1615 2760 1695 2822 τὰ
1736 2757 1853 2840 μὲν
1896 2756 2013 2845 ἤδη
2056 2760 2377 2831 πέπονθε,
2420 2757 2502 2821 τὰ
2547 2755 2607 2820 δ’
2638 2756 2862 2841 ἄγεται

508 2862 902 2944 πεισόμενος.

677 2966 813 3031 Iam
865 2966 1090 3031 horum
1151 2965 1494 3031 enucleare
1554 2982 1858 3030 conemur
1909 2962 2185 3045 singula.
2272 2964 2594 3043 Στίγματα
2651 2960 2862 3044 igitur

507 3067 615 3133 hic
658 3068 882 3133 eodem
927 3068 1112 3133 modo
1158 3086 1282 3147 quo
1328 3086 1368 3132 a
1407 3065 1710 3132 Platonis
1762 3065 2088 3131 iudicibus
2137 3065 2540 3133 adhibentur
2584 3066 2672 3131 ad
2713 3083 2860 3130 reos

508 3169 1016 3251 convincendos3
1090 3170 1327 3235 deinde
1394 3171 1794 3237 observatur
1859 3169 2065 3236 verba
2149 3178 2371 3232 τοῦτον
2429 3220 2442 3235 .
2503 3219 2518 3234 .
2581 3216 2593 3231 .
2671 3188 2860 3231 κατα-

506 3280 675 3357 φανῆ
709 3271 959 3355 γυμνόν,
1011 3269 1102 3347 εἰς
1144 3269 1324 3334 οὐδὲν
1363 3270 1587 3350 ἔχοντα
1627 3267 1976 3334 καταδῦναι
2014 3275 2084 3337 et
2121 3291 2177 3352 q.
2215 3291 2262 3337 s.
2305 3272 2577 3337 eundem
2614 3271 2861 3335 habere

506 3392 765 3440 sensum
850 3394 1041 3455 quem
1114 3373 1413 3440 Platonis
1496 3369 1721 3437 ἔπειτα
1784 3373 2057 3456 γυμνοὺς
2128 3376 2406 3457 κριτέον,
2487 3374 2594 3438 cui
2660 3372 2860 3438 etiam

506 3476 753 3542 iudices
797 3495 1063 3559 corpore
1104 3476 1342 3541 nudati
1370 3480 1558 3559 sunt;
1602 3476 1832 3557 quodsi
1864 3480 2083 3541 autem
2115 3472 2316 3557 δαίμ
2334 3498 2432 3539 ων
2461 3477 2624 3561 Δίκῃ
2654 3496 2859 3560 παρα-

508 3575 739 3642 δίδωσι
784 3597 912 3661 eos,
957 3597 1227 3659 quorum
1257 3576 1476 3659 μεῖζόν
1506 3582 1671 3641 ἐστιν
1714 3574 1897 3664 ἔργον
1924 3574 1963 3659 ἢ
1994 3578 2145 3662 περὶ
2184 3576 2293 3663 τὴν
2336 3580 2563 3641 κακίαν
2593 3574 2858 3663 ἰατρεία,

506 3700 722 3747 nonne
764 3681 952 3748 nobis
996 3682 1066 3747 in
1124 3685 1406 3746 mentem
1468 3681 1658 3748 venit
1715 3683 1990 3746 daemon
2049 3681 2182 3764 ille,
2243 3680 2355 3761 qui
2396 3680 2465 3746 in
2508 3681 2860 3746 Phaedone

510 3788 666 3849 ante
730 3783 1025 3849 tribunal
1085 3783 1269 3849 ducit
1328 3783 1580 3849 animas
1639 3783 2055 3864 puniendas?
2144 3783 2421 3849 Accedit
2484 3801 2592 3848 res
2659 3800 2860 3849 nova:

507 3886 682 3951 vidit
723 3885 1048 3951 Aridaeus
1076 3889 1332 3967 patrem
1364 3904 1568 3969 suum,
1599 3884 1711 3966 qui
1742 3884 1936 3951 vivus
1965 3885 2470 3951 sceleratissime
2505 3884 2859 3965 hospitium

506 3988 893 4072 violaverat,
930 3997 1188 4050 σιωπᾶν
1231 3986 1345 4051 οὐκ
1379 3986 1670 4070 ἔώμενον,
1715 3984 1854 4048 ἀλλ’
1886 3990 1979 4068 ὀμ
1999 3986 2233 4070 ολογε
2249 3998 2277 4050 ῖ
2287 4010 2321 4045 ν
2359 3985 2863 4068 ἀναγκαζόμενον

507 4089 633 4154 ὑπὸ
670 4100 796 4153 τῶν
832 4085 1199 4174 ἐφεστώτων
1234 4099 1375 4166 ταῖς
1413 4093 1751 4176 τιμωρίαις
1798 4142 1812 4156 .
1860 4136 1872 4151 .
1924 4136 1937 4152 .
1986 4087 2239 4153 ἐνταῦθ’
2304 4089 2858 4172 ἐξελεγχθείς.

509 4195 607 4259 Ac
635 4193 843 4276 primo
876 4193 1102 4259 statim
1135 4194 1364 4260 obtuto
1402 4197 1662 4275 patrem
1707 4193 1807 4258 ita
1851 4193 2029 4259 dices
2072 4193 2397 4275 puniri,
2434 4197 2510 4257 ut
2541 4197 2860 4273 perpetuo

510 4296 667 4375 quid
710 4296 1104 4380 peccaverit,
1148 4295 1405 4380 fateri¹)
1452 4297 1533 4361 ab
1583 4296 1679 4361 eis
1723 4300 2015 4379 cogatur,
2061 4296 2297 4375 quibus
2355 4295 2427 4360 id
2479 4295 2861 4361 mandatum

685 4432 724 4501 1)
762 4431 902 4498 Quid
937 4430 1251 4500 significent
1285 4430 1546 4485 eiusmodi
1583 4430 1938 4485 confessiones
1985 4429 2291 4498 nuperrime
2341 4429 2441 4485 Ed.
2478 4429 2709 4497 Norden,
2745 4429 2780 4482 l.
2818 4445 2860 4483 s,
