3475 5118
668 404 755 471 38
1692 402 1764 456 L.
1800 401 1948 455 Ram
2412 437 2416 441 -
2955 400 3021 488 [6

666 596 896 658 νονται,
925 620 938 636 .
967 619 980 635 .
1010 619 1023 635 .
1064 571 1301 637 πολλοὶ
1332 565 1441 635 οὗν
1466 618 1480 634 .
1509 617 1523 633 .
1550 618 1564 633 .
1603 570 1824 655 ψυχὰς
1852 569 2136 657 πονηρὰς
2158 567 2405 649 ἔχοντες
2439 569 2861 656 ἠμφιεσμένοι
2897 568 3024 636 εἰσὶ

671 677 938 759 σώματά
950 697 1017 739 τε
1035 674 1199 739 καλὰ
1218 674 1330 738 καὶ
1343 677 1488 760 γένη
1502 673 1612 737 καὶ
1626 672 1962 748 πλούτους,
1978 672 2089 736 καὶ
2105 668 2370 737 ἐπειδὰν
2382 671 2419 755 ἡ
2431 677 2641 760 κρίσις
2652 666 2710 757 ᾖ,
2731 672 3023 760 ἔρχονται

673 778 889 855 αὐτοῖς
915 775 1149 842 πολλοὶ
1176 778 1486 862 μάρτυρες
1513 777 2031 862 μαρτυρήσοντες,
2065 774 2155 851 ὡς
2186 774 2451 853 δικαίως
2476 778 2883 858 βεβιώκασιν.
2961 776 3024 841 οἱ

673 875 780 945 οὖν
809 879 1108 945 δικασταὶ
1152 879 1284 943 ὑπό
1310 901 1379 943 τε
1406 880 1643 943 τούτων
1671 877 2122 964 ἐκπλήττονται
2156 878 2265 942 καὶ
2300 876 2435 958 ἅμα
2464 878 2572 942 καὶ
2607 877 2789 942 αὐτοὶ
2818 876 3021 961 ἀμπε-

667 983 930 1065 χόμενοι
974 980 1327 1061 δικάζουσι,
1374 1026 1633 1048 ......
1678 991 1940 1064 πρῶτον
1980 979 2096 1062 μὲν
2139 974 2278 1053 οὖν,
2325 979 2482 1066 ἔφη,
2527 984 2845 1045 παυστέον
2887 980 3023 1045 ἐστὶ

669 1084 1057 1172 προειδότας
1087 1083 1316 1160 αὐτοὺς
1342 1083 1449 1148 τὸν
1485 1085 1774 1148 θάνατον
1792 1108 1805 1123 ·
1851 1094 1957 1147 νῦν
1998 1081 2120 1168 γὰρ
2162 1083 2476 1169 προΐσασι
2478 1129 2751 1156 .....
2799 1080 3024 1148 ἔπειτα

668 1188 943 1271 γυμνοὺς
998 1189 1242 1273 κριτέον
1286 1184 1585 1249 ἁπάντων
1626 1188 1881 1250 τούτων.
1971 1188 2331 1263 τεθνεῶτας
2362 1186 2483 1271 γὰρ
2531 1185 2630 1250 δεῖ
2663 1189 3021 1270 κρίνεσθαι.

669 1290 782 1354 καὶ
837 1289 948 1355 τὸν
989 1288 1200 1374 κριτὴν
1243 1287 1342 1352 δεῖ
1381 1287 1612 1371 γυμνὸν
1654 1283 1849 1372 εἶναι,
1909 1291 2247 1361 τεθνεῶτα,
2294 1287 2448 1373 αὐτῇ
2497 1300 2571 1374 τῇ
2615 1299 2792 1374 ψυχῇ
2839 1288 3026 1375 αὐτὴν

668 1393 778 1479 τὴν
841 1391 1052 1477 ψυχὴν
1119 1394 1489 1478 θεωροῦντα
1554 1389 1858 1476 ἐξαίφνης
1930 1389 2378 1468 ἀποθανόντος
2439 1391 2728 1465 ἑκάστου,
2797 1389 3024 1478 ἔρημον

666 1496 925 1559 πάντων
968 1505 1092 1558 τῶν
1123 1506 1433 1578 συγγενῶν
1467 1493 1578 1557 καὶ
1607 1492 2043 1557 καταλιπόντα
2086 1491 2199 1558 ἐπὶ
2240 1502 2346 1578 τῆς
2390 1502 2500 1579 γῆς
2538 1494 2752 1557 πάντα
2788 1493 3025 1559 ἐκεῖνον

670 1597 780 1662 τὸν
834 1597 1093 1679 κόσμον,
1141 1596 1246 1662 ἵνα
1290 1595 1512 1660 δικαία
1551 1595 1588 1679 ἡ
1631 1599 1840 1682 κρίσις
1880 1590 1942 1680 ᾗ.
2031 1595 2156 1679 ἐγὼ
2193 1594 2308 1678 μὲν
2353 1590 2462 1660 οὗν
2501 1607 2699 1660 ταῦτα
2740 1595 3026 1679 ἐγνωκὼς

670 1700 980 1787 πρότερος
1035 1696 1074 1782 ἢ
1131 1698 1312 1782 ὑμεῖς
1370 1695 1767 1786 ἐποιησάμην
1825 1697 2131 1775 δικαστὰς
2186 1699 2346 1775 υἱεῖς
2388 1696 2678 1780 ἐμαυτοῦ,
2738 1697 2851 1763 δύο
2908 1698 3027 1781 μὲν

671 1802 743 1869 ἐκ
781 1811 890 1888 τῆς
921 1802 1144 1878 Ἄσίας,
1189 1804 1374 1865 Μίνω
1423 1824 1492 1866 τε
1532 1801 1643 1865 καὶ
1679 1801 2139 1883 Ῥαδάμανθυν,
2186 1800 2297 1865 ἕνα
2327 1801 2395 1865 δὲ
2426 1797 2496 1865 ἐκ
2538 1810 2646 1887 τῆς
2686 1801 3024 1888 Εὐρώπης,

669 1904 928 1970 Αἰακόν.
1008 1899 1182 1969 οὗτοι
1213 1898 1321 1969 οὖν
1365 1899 1627 1968 ἐπειδάν
1654 1903 2088 1990 τελευτήσωσι,
2134 1903 2501 1969 δικάσουσιν
2529 1901 2595 1968 ἐν
2622 1915 2712 1988 τῷ,
2743 1903 3023 1986 λειμῶνι,

673 2002 738 2072 ἐν
779 2018 854 2093 τῇ
896 2004 1148 2092 τριόδῳ,
1194 2004 1265 2086 ἐξ
1306 2002 1380 2092 ἧς
1424 2010 1691 2093 φέρετον
1726 2009 1817 2071 τὼ
1865 2004 2011 2090 ὁδώ,
2051 2005 2089 2088 ἡ
2130 2005 2247 2087 μὲν
2305 2003 2397 2082 εἰς
2437 2009 2745 2094 μακάρων
2787 2008 3024 2093 νήσους,

668 2109 706 2192 ἡ
753 2109 810 2173 δ’
841 2110 932 2187 εἰς
959 2112 1284 2196 τάρταρον.
1358 2109 1468 2173 καὶ
1508 2110 1657 2186 τοὺς
1683 2108 1801 2191 μὲν
1830 2104 1898 2172 ἐκ
1939 2118 2046 2194 τῆς
2084 2107 2286 2186 Ἄσίας
2326 2109 2770 2191 Ῥαδάμανθυς
2807 2120 3025 2196 κρινεῖ,

668 2213 819 2290 τοὺς
848 2211 918 2275 δὲ
952 2211 1022 2276 ἐκ
1055 2220 1163 2297 τῆς
1189 2211 1510 2297 Εὐρώπης
1541 2210 1806 2288 Αἰακός.
1880 2215 2063 2295 Μίνῳ
2097 2210 2167 2276 δὲ
2197 2216 2511 2296 πρεσβεῖα
2544 2211 2733 2276 δώσω
2772 2210 3025 2276 ἐπιδια-

672 2317 924 2401 κρίνειν,
972 2310 1082 2378 ἐὰν
1126 2313 1445 2399 ἀπορῆτόν
1489 2338 1552 2378 τι
1593 2315 1683 2377 τὼ
1731 2311 2006 2401 ἑτέρω,1)
2052 2311 2160 2378 ἵνα
2205 2313 2294 2391 ῶς
2339 2313 2704 2402 δικαιοτάτη
2737 2314 2774 2398 ἡ
2817 2319 3025 2402 κρίσις

669 2411 709 2501 ᾖ
751 2416 906 2501 περὶ
945 2425 1053 2502 τῆς
1094 2420 1369 2503 πορείας
1409 2427 1546 2494 τοῖς
1589 2415 1985 2503 ἀνθρώποις.

828 2538 1190 2620 Postquam
1209 2556 1289 2604 ea
1304 2556 1463 2606 vera
1478 2556 1619 2604 esse
1636 2557 1705 2605 se
1729 2541 1996 2606 credere
2020 2538 2258 2605 iterum
2280 2538 2688 2605 confirmavit
2703 2539 3026 2621 SocrateS‚

672 2641 779 2705 τὸν
836 2640 1024 2722 λόγον
1080 2640 1222 2723 ipse
1285 2641 1842 2723 interpretaturus
1900 2642 2125 2725 pergit
2184 2641 2417 2707 deinde
2474 2643 2570 2708 sic
2617 2641 2706 2726 (p.
2749 2642 2877 2707 524
2898 2642 3022 2727 D):

829 2740 1058 2829 ἔνδηλα
1122 2745 1333 2806 πάντα
1411 2742 1580 2807 ἐστὶν
1653 2739 1718 2806 ἐν
1789 2755 1863 2828 τῇ
1923 2755 2136 2828 ψυχῇ,
2206 2741 2466 2808 ἐπειδὰν
2543 2746 2851 2828 γυμνωθῇ
2916 2754 3028 2808 τοῦ

672 2848 1001 2928 σώματος,
1063 2847 1144 2909 τά
1185 2867 1254 2909 τε
1307 2854 1415 2930 τῆς
1457 2847 1709 2931 φύσεως
1752 2846 1865 2910 καὶ
1903 2846 1983 2910 τὰ
2033 2847 2431 2932 παθήματα,
2498 2850 2541 2910 ἃ
2583 2845 2692 2910 διὰ
2734 2845 2843 2931 τὴν
2886 2844 3024 2910 ἐπι-

666 2946 956 3034 τήδευσιν
1021 2946 1287 3013 ἑκάστου
1351 2952 1732 3033 πράγματος
1798 2946 1976 3028 ἔσχεν
2034 2948 2100 3014 ἐν
2164 2960 2239 3033 τῇ
2297 2960 2476 3033 ψυχῇ
2553 2948 2587 3014 ὃ
2648 2948 3024 3035 ἄνθρωπος.

672 3049 936 3115 ἐπειδὰν
981 3045 1090 3115 οὖν
1135 3049 1494 3136 ἀφίκωνται
1535 3051 1717 3136 παρὰ
1758 3050 1866 3115 τὸν
1911 3050 2239 3136 δικαστήν,
2301 3050 2364 3115 οἱ
2404 3050 2521 3132 μὲν
2564 3047 2634 3113 ἐκ
2674 3060 2782 3135 τῆς
2819 3049 3029 3127 Ἀσίας

669 3153 854 3238 παρὰ
897 3152 1005 3217 τὸν
1047 3152 1504 3234 Ῥαδάμανθυν,
1553 3151 1587 3218 ὃ
1627 3152 2068 3234 Ῥαδάμανθυς
2106 3152 2379 3229 ἐκείνους
2415 3152 2762 3238 ἐπιστήσας
2789 3155 3028 3217 θεᾶται

671 3251 934 3319 ἑκάστου
978 3255 1088 3338 τὴν
1129 3255 1359 3341 ψυχήν,
1406 3255 1519 3319 οὐκ
1563 3254 1752 3332 εἰδὼς
1795 3254 1943 3319 ὅτου
1988 3252 2172 3338 ἐστίν,
2212 3253 2374 3319 ἀλλὰ
2415 3254 2729 3330 πολλάκις
2768 3266 2880 3318 τοῦ
2915 3278 3025 3336 με-

675 3357 874 3440 γάλου
916 3357 1230 3441 βασιλέως
1275 3353 1737 3441 ἐπιλαβόμενος
1779 3354 1818 3439 ἢ
1861 3356 2055 3421 ἄλλου
2103 3356 2362 3422 ὁτουοῦν
2403 3356 2718 3441 βασιλέως
2760 3353 2798 3439 ἢ
2845 3355 3025 3421 δυνά-

674 3480 825 3524 στου
870 3459 1157 3524 κατεῖδεν
1203 3458 1387 3525 οὕδὲν
1429 3458 1600 3543 ὑγιὲς
1631 3459 1701 3525 ὃν
1742 3468 1850 3545 τῆς
1895 3468 2123 3545 ψυχῆς,
2157 3458 2318 3523 ἀλλὰ
2360 3457 3028 3546 διαμεμαστιγωμένην

672 3563 784 3626 καὶ
823 3562 1023 3628 οὗλῶν
1063 3563 1295 3649 μεστὴν
1337 3562 1465 3627 ὑπὸ
1513 3559 1863 3649 ἐπιορκιῶν
1905 3564 2017 3627 καὶ
2061 3562 2317 3640 ἀδικίας
2359 3567 2402 3628 ἃ
2442 3561 2670 3649 ἑκάστη
2712 3562 2749 3646 ἡ
2786 3563 3026 3648 πρᾶξις

673 3664 864 3729 αὐτοῦ
904 3664 1314 3750 ἐξωμόρξατο
1343 3665 1435 3741 εἰς
1475 3666 1586 3751 τὴν
1611 3668 1854 3752 ψυχήν,
1910 3667 2019 3730 καὶ
2060 3668 2273 3731 πάντα
2304 3666 2529 3732 σκολιὰ
2570 3664 2699 3731 ὖπὸ
2745 3665 3027 3751 ψεύδους

673 3813 939 3835 .....
988 3767 1141 3832 ἰδὼν
1200 3767 1270 3833 δὲ
1330 3766 1574 3850 ἀτίμως
1628 3771 1857 3855 ταύτην
1915 3767 2307 3854 ἀπέπεμψεν
2365 3769 2526 3832 εὐθὺ
2569 3777 2677 3853 τῆς
2719 3778 3023 3854 φρουρᾶς,

673 3866 741 3935 οῖ
776 3868 990 3951 μέλλει
1034 3867 1318 3935 ἐλθοῦσα
1363 3869 1697 3955 ἀνατλῆναι
1739 3871 1820 3935 τὰ
1854 3873 2252 3958 προσήκοντα
2288 3873 2478 3957 πάθη
2510 3918 2713 3937 .....

846 3990 998 4075 (526
1020 3990 1103 4075 Β)
1149 3987 1412 4054 ἐπειδὰν
1457 3989 1491 4054 ὃ
1536 3988 1985 4072 Ῥαδάμανθυς
2030 3986 2262 4068 ἐκεῖνος
2302 3990 2589 4055 τοιοῦτόν
2628 4013 2768 4054 τινα
2826 3989 3022 4072 λάβῃ,

673 4092 829 4158 ἄλλο
862 4091 979 4174 μὲν
1005 4093 1158 4179 περὶ
1189 4093 1382 4157 αὐτοῦ
1411 4092 1526 4156 οὐκ
1557 4088 1730 4157 οἶδεν
1762 4091 1965 4166 οὐδέν,
2013 4093 2164 4157 οὔθ’
2195 4092 2367 4170 ὅστις
2398 4093 2541 4159 οὔθ’
2589 4090 2879 4165 ὧντινων,
2926 4091 3025 4156 ὅτι

847 4298 888 4366 ¹)
933 4298 1149 4367 Mirum,
1199 4299 1340 4365 quod
1377 4298 1466 4353 vel
1502 4313 1531 4352 e
1567 4297 1818 4352 Schanzii
1868 4297 2107 4353 editione
2156 4298 2451 4354 novissima
2509 4299 2745 4353 nondum
2796 4297 3024 4353 evanuit

670 4384 892 4454 signum
926 4383 1304 4453 interrogandi
1337 4389 1461 4452 post
1495 4384 1662 4452 ἑτέρω
1696 4383 1949 4452 positum,
1986 4400 2112 4438 nam
2147 4400 2310 4439 sensu
2343 4384 2504 4452 plane
2540 4400 2750 4439 cassum
2787 4389 2884 4438 est.
