3475 5118
680 423 767 488 90
1742 420 1802 473 L.
1839 420 1987 474 Ruhi
2925 420 3034 507 [58

856 593 1111 657 Deinde
1156 592 1339 674 VIII,
1388 592 1510 658 102
1527 610 1649 673 sq.:

1857 764 1871 777 .
1917 764 1931 777 .
1979 764 1991 776 .
2037 710 2166 776 scit
2211 710 2450 777 iudicis
2497 731 2665 777 urna

1035 813 1301 879 Dictaei
1344 833 1702 894 verumque
1748 819 1967 895 potest
2013 817 2418 895 deprendere
2463 814 2694 881 Minos.

858 953 1025 1017 Tum
1071 953 1190 1033 XI,
1237 951 1502 1031 570sq.:

899 1072 1048 1138 Huc
1092 1090 1342 1137 mecum
1389 1074 1475 1135 ad
1519 1072 1782 1136 Manes!
1872 1071 2019 1136 Illic
2066 1090 2319 1152 quoque
2363 1076 2562 1152 pacta
2606 1091 2957 1155 reposcam,

891 1174 950 1240 si
994 1177 1179 1239 modo
1227 1174 1557 1256 Agenorei
1603 1178 1743 1239 stat
1787 1174 2036 1240 Gnosia
2079 1173 2318 1239 iudicis
2363 1193 2532 1239 urna
2578 1228 2592 1241 .
2639 1226 2652 1238 .

857 1294 1039 1359 Idem
1084 1299 1279 1375 poeta
1324 1294 1392 1359 in
1438 1293 1883 1359 consolatione
1927 1297 2012 1358 ad
2057 1294 2403 1360 Claudium
2448 1294 2799 1361 Etruscum
2842 1294 3045 1360 missa

690 1397 913 1481 (Silv.
958 1397 1084 1479 III,
1128 1398 1186 1480 3,
1234 1398 1313 1462 13
1361 1397 1551 1482 sqq.):

1345 1569 1357 1582 .
1404 1569 1417 1582 .
1463 1519 1687 1599 procul
1733 1517 1904 1599 hinc,
1948 1517 2175 1598 procul
2218 1516 2313 1582 ite
2358 1523 2667 1582 nocentes

981 1619 1039 1684 si
1085 1619 1190 1685 cui
1236 1624 1429 1685 corde
1473 1619 1663 1685 nefas
1707 1620 1986 1685 tacitum
2032 1618 2324 1700 fessique
2370 1625 2673 1685 senectus

877 1733 941 1787 15
984 1723 1182 1804 longa
1227 1722 1455 1804 patriS,
1502 1722 1559 1788 si
1605 1723 1753 1804 quis
1799 1723 2106 1803 pulsatae
2152 1721 2448 1787 conscius
2493 1741 2776 1802 unquam

980 1825 1213 1890 matris
1259 1830 1327 1890 et
1371 1825 1631 1891 inferna
1676 1825 1961 1908 rigidum
2006 1825 2199 1891 timet
2245 1826 2508 1901 Aeacon
2552 1845 2748 1905 urna3

981 1928 1272 1993 insontes
1319 1933 1659 2009 castosque
1705 1947 1863 1994 voco
1909 1980 1923 1994 .
1968 1980 1982 1993 .
2030 1980 2043 1993 .

862 2048 1117 2113 Statius
1177 2048 1388 2129 igitur
1446 2068 1575 2113 non
1629 2068 1886 2130 semper
1958 2052 2230 2114 eandem
2291 2048 2591 2129 sequitur
2648 2047 3045 2114 Graecorum

692 2150 1032 2233 rationem,
1093 2170 1237 2216 cum
1296 2153 1480 2216 modo
1541 2151 1748 2216 Erebi
1807 2170 2028 2233 regem
2086 2152 2297 2233 ipsum
2355 2151 2566 2217 faciat
2624 2150 3043 2231 iudicantem,

691 2255 875 2318 modo
899 2253 1205 2332 Aeacum,
1228 2255 1413 2318 modo
1437 2253 1740 2335 Minoem,
1762 2257 1946 2318 modo
1972 2253 2285 2320 Gnosium
2309 2253 2349 2318 i.
2375 2274 2426 2319 e.
2452 2252 3046 2319 Rhadamanthum.

692 2356 799 2420 Ad
841 2355 1278 2420 Romanorum
1326 2360 1544 2420 autem
1604 2375 1845 2421 morem
1905 2361 2164 2437 spectat
2223 2375 2389 2421 urna
2449 2356 2714 2437 saepius
2777 2373 3044 2421 comme·

693 2462 967 2539 morata,
1013 2463 1080 2522 et
1124 2457 1370 2522 Furiae
1429 2459 1608 2541 regis
1655 2459 1885 2524 solium
1945 2459 2447 2524 circumstantes
2506 2459 2615 2523 hic
2675 2477 2926 2541 quoque
2971 2462 3046 2522 ut

694 2563 867 2642 apud
907 2561 1192 2641 reliquos
1222 2562 1660 2627 Romanorum
1690 2567 1924 2656 poetas
1957 2563 2398 2629 inveniuntur.
2488 2563 2580 2628 Et
2609 2561 3042 2642 memorabile,

696 2665 866 2744 quod
922 2663 990 2728 in
1053 2664 1255 2729 Theb.
1314 2665 1498 2747 VIII,
1558 2667 1640 2730 27
1687 2666 1902 2731 Minos
1961 2685 2094 2731 una
2153 2685 2296 2730 cum
2356 2665 2568 2732 fratre
2627 2667 2916 2732 verendo
2966 2682 3048 2729 ex

694 2767 1094 2848 collegarum
1135 2767 1565 2833 assidentium
1610 2768 1944 2834 sententia
1989 2769 2332 2834 Plutonem
2380 2769 2667 2835 retinere
2713 2771 3047 2850 conantur,

692 2888 776 2935 ne
821 2870 1097 2952 gravius
1156 2872 1235 2935 de
1280 2871 1555 2936 mortuis
1601 2872 1864 2937 iudicet.
1951 2872 2130 2936 Fata
2177 2876 2398 2937 autem
2445 2873 2617 2953 quod
2663 2871 3046 2936 animasad

694 2973 990 3038 tribunal
1055 2978 1317 3054 raptas,
1383 2974 1620 3054 pollice
1677 2977 2010 3057 damnant,
2070 2977 2157 3040 ad
2222 2980 2477 3056 gestum
2544 2974 2855 3056 pertinet,
2926 2992 3048 3054 quo

695 3074 973 3140 Romani
1031 3094 1102 3141 se
1145 3077 1318 3142 velle
1377 3078 1813 3158 gladiatorem
1873 3078 2158 3143 interfici
2224 3077 2691 3162 indicabant.1)
2779 3076 3052 3142 Serendi

696 3178 966 3243 verbum
1012 3179 1293 3258 denique
1325 3179 1527 3245 Theb.
1557 3180 1742 3263 VIII,
1773 3182 1856 3246 26
1886 3181 2187 3262 positum,
2233 3181 2364 3246 nisi
2392 3180 2606 3263 fallor,
2650 3180 2887 3246 iterum
2934 3197 3049 3244 nos

700 3282 779 3345 de
825 3280 1061 3345 animis
1106 3286 1325 3345 monet
1356 3281 1640 3347 vinculis
1670 3282 2063 3362 quibusdam
2095 3283 2407 3366 alligatis,
2454 3302 2619 3363 quae
2649 3285 2849 3364 longa
2880 3281 3050 3347 serie

700 3385 936 3449 ductae
980 3387 1066 3449 ad
1097 3383 1326 3449 solium
1371 3385 1769 3464 perveniunt
1813 3385 2008 3451 Fatis
2057 3387 2468 3453 ducentibus.

1821 3572 1917 3637 IV

872 3710 1012 3774 Iam
1051 3715 1412 3790 sequantur
1445 3717 1765 3792 auctoreS,
1809 3711 1922 3791 qui
1965 3710 2441 3791 posterioribus
2487 3715 2741 3777 demum
2784 3710 3053 3776 fuerunt

700 3812 1120 3893 temporibus
1241 3812 1527 3895 Quorum
1599 3814 1878 3893 primum
1954 3814 2221 3879 afferam
2293 3814 2881 3897 Claudianum,
2942 3813 3054 3894 qui

701 3935 895 3981 carm.
942 3915 996 3980 V
1046 3914 1152 3998 (in
1200 3914 1603 3980 Rufinum
1648 3916 1735 3997 II,
1781 3918 1906 3982 456
1954 3916 2116 4002 sqq.)
2163 3918 2326 3982 haec
2368 3918 2599 3983 habet:

1520 4086 1531 4099 .
1579 4087 1592 4100 .
1639 4088 1652 4100 .
1697 4037 1905 4100 Pater
1950 4038 2207 4103 Aeacus
2254 4039 2478 4102 horret

992 4136 1483 4218 intrantemque
1528 4137 1729 4203 etiam
1774 4140 2032 4205 latratu
2079 4140 2401 4205 Cerberus
2449 4146 2658 4223 urget.

993 4240 1176 4305 Tunc
1221 4241 1492 4322 animae,
1539 4260 1703 4321 quas
1750 4242 1862 4306 ille
1907 4241 2045 4307 fero
2093 4243 2214 4308 sub
2259 4243 2400 4307 iure
2445 4242 2738 4324 peremit,

880 4409 918 4477 ¹)
956 4409 1095 4463 Vide
1131 4409 1592 4492 Friedltinderum,
1632 4411 2025 4491 Sitten·Gesch.
2065 4411 2174 4479 11⁵,
2211 4429 2262 4478 p.
2299 4411 2415 4465 346.
