3475 5118
719 379 803 445 54
1656 386 1661 396 .
1769 375 1831 430 L.
1868 374 2014 429 num
2962 374 3071 461 [22

719 547 1110 614 addiderint.
1197 547 1299 611 Ac
1344 545 1595 628 mirum,
1639 546 1813 626 quod
1858 549 2171 626 quattuor
2204 544 2486 610 saeculis
2516 544 2671 609 inde
2703 563 2743 610 a
2770 544 3067 612 Platonis

719 650 1123 732 temporibus
1158 649 1341 714 nulla
1386 667 1505 714 nec
1548 653 1887 730 poetarum
1918 648 2315 714 Graecorum
2351 666 2472 713 nec
2517 652 2848 713 oratorum
2878 687 2964 695 —
2994 653 3070 714 ut

719 758 975 819 taceam
1021 755 1100 818 de
1145 771 1362 817 rerum
1406 750 1836 832 scriptoribus
1894 788 1979 797 —
2037 755 2304 817 exstant
2359 751 2770 834 testimonia,
2834 751 3069 832 quibus

720 856 1054 937 opiniones
1086 859 1243 920 ante
1289 858 1635 919 enarratas
1673 857 1868 918 tanta
1899 851 2106 919 fuisse
2146 852 2544 920 auctoritate
2573 855 3075 939 demonstretur,

717 962 795 1024 ut
837 957 1033 1024 facile
1076 956 1544 1038 reciperentur.
1617 955 2026 1039 Quamquam
2072 956 2244 1021 enim
2297 955 2664 1022 Atticorum
2713 960 2782 1022 et
2826 957 3071 1040 tragici

722 1065 790 1127 et
811 1067 1103 1126 oratores
1127 1059 1391 1140 quidam
1413 1077 1542 1124 non
1565 1058 1828 1125 silentio
1858 1058 2349 1140 praeterierunt
2380 1058 2702 1124 infernum
2736 1059 3070 1143 iudicium,

718 1166 942 1229 tamen
985 1179 1201 1243 pauca
1244 1163 1661 1242 protulerunt
1702 1179 1914 1241 neque
1946 1165 2122 1243 apta,
2168 1180 2336 1241 quae
2365 1160 2554 1227 nobis
2585 1181 2822 1243 magno
2854 1167 3075 1228 essent

718 1266 885 1331 usui.
943 1265 1036 1330 Et
1067 1268 1212 1346 post
1237 1264 1385 1329 illos
1415 1262 1669 1329 omnino
1700 1263 2149 1329 desideramus
2180 1263 2490 1345 vestigia.
2549 1264 3071 1330 Reminiscamur

721 1372 945 1434 autem
1026 1371 1165 1433 tum
1248 1366 1726 1432 Stoicorum
1817 1369 1886 1431 et
1966 1365 2645 1447 Epicureorum
2734 1367 3071 1433 doctrinas

718 1469 1041 1553 paulatim
1100 1468 1444 1552 evaluisse,
1508 1487 1674 1550 quae
1731 1468 2012 1534 maxime
2071 1470 2504 1536 abhorrerent
2563 1489 2605 1535 a
2656 1469 2779 1535 tali
2830 1470 3071 1536 iudicio

717 1577 867 1655 post
909 1576 1181 1638 mortem
1225 1571 1709 1656 instituendo.1)
1798 1572 1946 1637 Hac
1992 1571 2166 1637 enim
2208 1572 2351 1653 ipsa
2395 1591 2468 1638 re
2512 1572 2761 1638 factum
2817 1577 2937 1655 est,
2997 1576 3072 1637 ut

720 1676 1246 1741 Plutarchus
1270 1674 1319 1759 2>
1394 1675 1647 1739 demum
1713 1674 1908 1756 longo
1969 1675 2185 1756 spatio
2244 1674 2612 1740 intermisso
2670 1675 2920 1757 primus
2988 1676 3075 1740 ad

720 1778 1064 1843 Platonem
1108 1777 1375 1860 rediret,
1433 1795 1576 1842 cum
1619 1774 1691 1842 in
1750 1776 2190 1842 consolatione
2249 1779 2332 1842 ad
2391 1777 2809 1859 Apollonium
2869 1779 3072 1844 missa

720 1879 1048 1962 proferret
1062 1880 1278 1945 omnia
1293 1898 1388 1962 ea,
1404 1898 1572 1960 quae
1594 1879 1663 1945 in
1680 1879 1932 1962 Gorgia
1956 1881 2038 1945 de
2059 1884 2460 1946 mortuorum
2485 1880 2727 1946 iudicio
2742 1881 3072 1964 leguntur.

720 1983 846 2049 Sed
883 2001 1118 2049 vereor
1146 1982 1301 2048 inde
1332 1983 1715 2048 concludere
1753 2001 1870 2064 pro
1905 2000 2056 2048 vero
2101 1982 2413 2048 habuisse
2457 1983 2886 2049 Plutarchum
2930 1983 3069 2050 tale

721 2083 1171 2152 defunctorum
1188 2084 1495 2167 tribunal,
1507 2103 1660 2149 nam
1679 2089 1748 2150 et
1762 2084 2036 2150 Pindari
2057 2090 2124 2150 et
2137 2084 2438 2152 Platonis
2451 2090 2711 2151 tantum
2727 2087 2806 2151 de
2825 2086 3072 2152 anima-

719 2207 864 2253 rum
891 2192 1041 2270 post
1071 2192 1344 2253 mortem
1369 2186 1854 2254 condicionibus
1884 2187 2251 2253 sententias
2297 2193 2652 2264 enumerat,
2696 2203 2773 2254 ut
2817 2190 3074 2270 qualem

719 2291 823 2356 illi
843 2291 1106 2356 beatam
1134 2290 1345 2356 vitam
1377 2288 1817 2372 cogitaverint
1845 2288 2198 2373 intellegat
2219 2290 2601 2373 Apollonius
2625 2296 2824 2372 atque
2850 2296 3076 2373 speret

719 2393 924 2459 filium
989 2411 1242 2474 quoque
1315 2411 1455 2458 eam
1514 2396 1860 2458 nacturum
1926 2411 2085 2459 esse.
2168 2394 2519 2460 Plutarchi
2578 2399 2801 2460 autem
2865 2395 3077 2476 ipsius

720 2495 983 2562 minime
1027 2492 1339 2580 interfuit
1385 2495 1712 2578 explicare
1776 2514 1818 2561 a
1878 2496 2080 2563 certis
2138 2497 2467 2565 iudicibus
2529 2497 2808 2565 attribui
2867 2498 3077 2565 vitam

722 2600 984 2665 beatam
1029 2599 1141 2682 eiS,
1182 2598 1295 2679 qui
1336 2604 1561 2665 sancte
1608 2599 1967 2666 vixissent:
2013 2602 2183 2681 quod
2212 2620 2398 2667 nemo
2428 2601 2716 2686 negabit,
2759 2602 2871 2682 qui
2900 2603 3074 2667 hunc

720 2702 932 2768 locum
959 2700 1339 2785 perlegerit.
1413 2701 1634 2784 Quare
1663 2704 1856 2768 credo
1888 2702 2174 2785 Gorgiae
2203 2704 2414 2770 verba
2450 2723 2580 2770 una
2627 2723 2705 2770 ea
2749 2706 2832 2770 de
2878 2723 3076 2771 causa

722 2823 868 2871 esse
897 2804 1216 2887 adhibita,
1247 2806 1416 2885 quod
1444 2804 1515 2870 in
1548 2823 1770 2871 eorum
1802 2810 2115 2872 contextu
2146 2807 2227 2871 de
2265 2805 2434 2888 piis
2478 2808 2881 2891 singular
2900 2807 2925 2872 i
2944 2811 3076 2873 ter

724 2909 1143 2973 honestan
1162 2908 1293 2973 dis
1323 2908 1515 2973 Plato
1539 2909 1797 2974 locutus
1822 2912 1985 2974 erat.
2030 2909 2182 2974 Alio
2215 2909 2386 2975 enim
2418 2910 2631 2995 loco‚3)
2657 2929 2782 2992 quo
2807 2928 3076 2976 commo-

723 3011 995 3076 dissima
1017 3011 1374 3076 Plutarcho
1399 3011 1625 3077 oblata
1651 3016 1800 3077 erat
1823 3012 2079 3077 occasio
2106 3012 2474 3078 disserendi
2499 3014 2577 3078 de
2597 3013 2854 3097 iudici0,
2884 3014 3077 3094 quale

723 3112 1258 3194 investigandum
1288 3112 1476 3178 nobis
1513 3114 1981 3197 proposuimuS,
2012 3115 2268 3180 omnino
2304 3115 2469 3180 nihil
2507 3117 2589 3180 de
2630 3116 2726 3180 eis
2759 3116 3077 3197 audimus,

728 3234 893 3296 quae
961 3219 1412 3296 exspectamus
1486 3216 1732 3281 audire.
1841 3215 2005 3281 Dico
2071 3216 2279 3282 locum
2349 3219 2431 3282 de
2490 3236 2610 3283 ser.
2670 3236 2841 3283 num.
2900 3217 3078 3284 vind.

726 3336 788 3398 p.
832 3318 957 3384 563
1002 3316 1063 3382 D
1108 3335 1261 3399 sqq„
1314 3316 1445 3400 ubi,
1507 3320 1822 3398 quomodo
1882 3319 2077 3384 Plato
2136 3320 2218 3384 de
2271 3319 2406 3384 Ere
2458 3319 2786 3404 Armenio,
2842 3326 3081 3387 narrat

727 3420 1082 3485 Aridaeum
1143 3421 1466 3500 quendam
1526 3419 1806 3503 Cilicem,
1874 3439 2064 3503 quem
2122 3426 2445 3488 mortuum
2503 3424 2866 3506 putabant,
2931 3427 3082 3504 post

727 3525 865 3588 tres
912 3522 1051 3588 dies
1099 3523 1465 3589 redivivum
1511 3542 1680 3604 quae
1749 3526 1920 3605 apud
1990 3523 2234 3590 inferos
2292 3525 2572 3591 vidisset
2633 3527 3083 3607 descripsisse.

728 3624 870 3690 Non
917 3626 1132 3691 omnia
1175 3630 1489 3709 repetam,
1532 3629 1650 3692 sed
1690 3633 1912 3692 tamen
1956 3647 2052 3711 ea,
2099 3646 2265 3708 quae
2308 3628 2535 3694 insunt
2579 3629 2649 3692 in
2693 3629 2813 3694 illa
2856 3648 3081 3695 narra-

728 3727 907 3792 tione
931 3732 1357 3809 spectantque
1383 3730 1468 3794 ad
1491 3729 1801 3794 iudicium
1825 3731 2148 3810 quoddam
2186 3730 2548 3796 animarum
2586 3731 3079 3797 instituendum.

729 3828 893 3894 Eius
924 3829 1187 3911 generis
1218 3849 1358 3896 esse
1388 3830 1873 3915 affirmabimus,
1918 3831 1977 3898 si
2020 3832 2498 3898 reminiscimur
2541 3837 2862 3917 notarum,
2910 3853 3077 3915 quae

905 4017 945 4085 ἓ)
982 4016 1120 4071 Vide
1153 4018 1299 4073 infra
1332 4035 1384 4086 p.
1421 4018 1576 4085 75sq.

905 4101 944 4171 ²)
980 4103 1333 4158 Plutarchum
1369 4103 1616 4157 Platonis
1651 4103 1822 4157 fuisse
1856 4103 2127 4158 imbutum
2163 4104 2423 4159 doctrinis
2460 4107 2596 4160 satis
2631 4111 2861 4174 constat,
2898 4112 2962 4160 ut
2997 4107 3083 4161 fu-

728 4188 842 4242 sius
876 4188 944 4242 de
978 4188 1079 4242 hac
1113 4205 1171 4243 re
1209 4188 1471 4243 disserere
1505 4204 1612 4243 non
1648 4204 1781 4257 opus
1819 4189 1908 4243 sit.

905 4272 945 4342 ⁸)
981 4273 1168 4341 Neque
1202 4290 1330 4329 vero
1366 4279 1449 4329 est
1484 4280 1644 4329 tanta
1677 4274 1958 4343 gravitate
1993 4275 2191 4329 tertius
2227 4276 2374 4330 locus
2411 4276 2516 4346 (De'
2547 4283 2780 4345 superst.
2816 4293 2868 4345 p.
2891 4276 2991 4331 167
3006 4277 3079 4346 A)

728 4366 795 4414 ut
830 4359 1025 4414 debeat
1059 4360 1320 4414 adhiberi.
