<?xml version="1.0" encoding="UTF-8"?>
<!DOCTYPE html PUBLIC "-//W3C//DTD XHTML 1.0 Transitional//EN"
    "http://www.w3.org/TR/xhtml1/DTD/xhtml1-transitional.dtd">
<html xmlns="http://www.w3.org/1999/xhtml" xml:lang="en" lang="en">
 <head>
  <title>
</title>
<meta http-equiv="Content-Type" content="text/html;charset=utf-8" />
  <meta name='ocr-system' content='tesseract 3.04.00' />
  <meta name='ocr-capabilities' content='ocr_page ocr_carea ocr_par ocr_line ocrx_word'/>
</head>
<body>
  <div class='ocr_page' id='page_1' title='image "./demortuorumiudi00ruhlgoog_0076.png"; bbox 0 0 3475 5118; ppageno 0'>
   <div class='ocr_carea' id='block_1_1' title="bbox 574 391 2924 483">
    <p class='ocr_par' dir='ltr' id='par_1_1' title="bbox 574 391 2924 483">
     <span class='ocr_line' id='line_1_1' title="bbox 574 391 2924 483; baseline 0.003 -25"><span class='ocrx_word' id='word_1_1' title='bbox 574 391 704 458; x_wconf 79' lang='lat'><strong>100</strong></span> <span class='ocrx_word' id='word_1_2' title='bbox 1465 414 1470 419; x_wconf 91' lang='lat'>-</span> <span class='ocrx_word' id='word_1_3' title='bbox 1630 392 1690 447; x_wconf 61' lang='lat'><strong>12.</strong></span> <span class='ocrx_word' id='word_1_4' title='bbox 1726 392 1871 449; x_wconf 66' lang='lat' dir='ltr'><strong>1³th</strong></span> <span class='ocrx_word' id='word_1_5' title='bbox 2814 395 2924 483; x_wconf 82' lang='lat'><strong>[68</strong></span> 
     </span>
    </p>
   </div>
   <div class='ocr_carea' id='block_1_2' title="bbox 563 559 2925 1064">
    <p class='ocr_par' dir='ltr' id='par_1_2' title="bbox 563 559 2925 1064">
     <span class='ocr_line' id='line_1_2' title="bbox 565 559 2921 652; baseline -0.002 -19"><span class='ocrx_word' id='word_1_6' title='bbox 565 562 1113 652; x_wconf 70' lang='grc' dir='ltr'><strong>ιὁμολόγησον</strong></span> <span class='ocrx_word' id='word_1_7' title='bbox 1150 563 1266 644; x_wconf 81' lang='grc' dir='ltr'><strong>τὰς</strong></span> <span class='ocrx_word' id='word_1_8' title='bbox 1307 561 1623 650; x_wconf 78' lang='grc' dir='ltr'><strong><em>ἁμαρτίας</em></strong></span> <span class='ocrx_word' id='word_1_9' title='bbox 1665 563 1805 628; x_wconf 78' lang='lat' dir='ltr'><strong>oov&#39;</strong></span> <span class='ocrx_word' id='word_1_10' title='bbox 1852 615 1866 629; x_wconf 90' lang='lat'><strong>.</strong></span> <span class='ocrx_word' id='word_1_11' title='bbox 1902 611 1917 626; x_wconf 91' lang='lat'><strong>.</strong></span> <span class='ocrx_word' id='word_1_12' title='bbox 1952 610 1966 626; x_wconf 92' lang='lat'><strong>.</strong></span> <span class='ocrx_word' id='word_1_13' title='bbox 2013 563 2123 628; x_wconf 80' lang='grc' dir='ltr'><strong>καὶ</strong></span> <span class='ocrx_word' id='word_1_14' title='bbox 2166 559 2344 628; x_wconf 80' lang='grc' dir='ltr'><strong><em>εἶπεν</em></strong></span> <span class='ocrx_word' id='word_1_15' title='bbox 2384 563 2421 647; x_wconf 84' lang='grc' dir='ltr'><em>ἡ</em></span> <span class='ocrx_word' id='word_1_16' title='bbox 2464 564 2641 650; x_wconf 83' lang='grc' dir='ltr'><strong><em>ψυχὴ</em></strong></span> <span class='ocrx_word' id='word_1_17' title='bbox 2687 559 2921 652; x_wconf 79' lang='grc' dir='ltr'><em>ἐκείνη·</em></span> 
     </span>
     <span class='ocr_line' id='line_1_3' title="bbox 567 662 2924 756; baseline -0.001 -21"><span class='ocrx_word' id='word_1_18' title='bbox 567 670 709 750; x_wconf 70' lang='grc' dir='ltr'><strong>ὀὐχ</strong></span> <span class='ocrx_word' id='word_1_19' title='bbox 734 668 1029 756; x_wconf 53' lang='lat' dir='ltr'><strong>{summost</strong></span> <span class='ocrx_word' id='word_1_20' title='bbox 1063 715 1081 733; x_wconf 87' lang='lat'><strong>.</strong></span> <span class='ocrx_word' id='word_1_21' title='bbox 1113 715 1128 731; x_wconf 94' lang='lat'><strong>.</strong></span> <span class='ocrx_word' id='word_1_22' title='bbox 1162 713 1178 730; x_wconf 87' lang='lat'><strong>.</strong></span> <span class='ocrx_word' id='word_1_23' title='bbox 1209 667 1320 731; x_wconf 86' lang='grc' dir='ltr'><strong>καὶ</strong></span> <span class='ocrx_word' id='word_1_24' title='bbox 1349 662 1527 732; x_wconf 80' lang='grc' dir='ltr'><strong><em>εἶπεν</em></strong></span> <span class='ocrx_word' id='word_1_25' title='bbox 1556 665 1592 731; x_wconf 83' lang='grc' dir='ltr'><em>ὃ</em></span> <span class='ocrx_word' id='word_1_26' title='bbox 1620 668 1836 752; x_wconf 84' lang='grc' dir='ltr'><strong><em>κύριος</em></strong></span> <span class='ocrx_word' id='word_1_27' title='bbox 1852 690 1867 707; x_wconf 92' lang='grc'><em>·</em></span> <span class='ocrx_word' id='word_1_28' title='bbox 1899 666 2036 732; x_wconf 64' lang='grc' dir='ltr'><strong>ςοὐκ</strong></span> <span class='ocrx_word' id='word_1_29' title='bbox 2081 662 2279 743; x_wconf 80' lang='grc' dir='ltr'><strong><em>οἶδας,</em></strong></span> <span class='ocrx_word' id='word_1_30' title='bbox 2325 666 2441 740; x_wconf 82' lang='grc' dir='ltr'><strong><em>ὅτι,</em></strong></span> <span class='ocrx_word' id='word_1_31' title='bbox 2485 666 2665 750; x_wconf 81' lang='grc' dir='ltr'><strong><em>ἡνίκα</em></strong></span> <span class='ocrx_word' id='word_1_32' title='bbox 2708 667 2785 732; x_wconf 77' lang='grc' dir='ltr'><strong>ἄν</strong></span> <span class='ocrx_word' id='word_1_33' title='bbox 2826 691 2924 744; x_wconf 84' lang='grc' dir='ltr'><strong>τις</strong></span> 
     </span>
     <span class='ocr_line' id='line_1_4' title="bbox 563 768 2923 860; baseline 0.001 -23"><span class='ocrx_word' id='word_1_34' title='bbox 563 773 910 860; x_wconf 80' lang='grc' dir='ltr'><strong><em>τελευτήσῃ,</em></strong></span> <span class='ocrx_word' id='word_1_35' title='bbox 934 770 1307 857; x_wconf 71' lang='grc' dir='ltr'><strong><em>ἔμπροσθεν</em></strong></span> <span class='ocrx_word' id='word_1_36' title='bbox 1324 774 1651 857; x_wconf 81' lang='grc' dir='ltr'><strong><em>τρέχουσιν</em></strong></span> <span class='ocrx_word' id='word_1_37' title='bbox 1672 768 1744 833; x_wconf 79' lang='grc' dir='ltr'><strong>αἱ</strong></span> <span class='ocrx_word' id='word_1_38' title='bbox 1765 770 2034 856; x_wconf 82' lang='grc' dir='ltr'><em>πράξεις</em></span> <span class='ocrx_word' id='word_1_39' title='bbox 2062 769 2253 834; x_wconf 76' lang='grc' dir='ltr'><strong><em>αὐτοῦ</em></strong></span> <span class='ocrx_word' id='word_1_40' title='bbox 2266 769 2305 853; x_wconf 82' lang='lat'><strong>²3</strong></span> <span class='ocrx_word' id='word_1_41' title='bbox 2327 771 2623 853; x_wconf 90' lang='lat' dir='ltr'><strong>Denique</strong></span> <span class='ocrx_word' id='word_1_42' title='bbox 2646 772 2923 855; x_wconf 80' lang='lat' dir='ltr'>angelus</span> 
     </span>
     <span class='ocr_line' id='line_1_5' title="bbox 566 873 2925 958; baseline -0 -16"><span class='ocrx_word' id='word_1_43' title='bbox 566 876 847 943; x_wconf 88' lang='lat' dir='ltr'><strong>librum</strong></span> <span class='ocrx_word' id='word_1_44' title='bbox 872 875 1107 941; x_wconf 87' lang='lat' dir='ltr'><strong>afferre</strong></span> <span class='ocrx_word' id='word_1_45' title='bbox 1137 875 1424 958; x_wconf 61' lang='lat' dir='ltr'><strong>«iubetur,</strong></span> <span class='ocrx_word' id='word_1_46' title='bbox 1463 878 1540 939; x_wconf 92' lang='lat' dir='ltr'><strong>ut</strong></span> <span class='ocrx_word' id='word_1_47' title='bbox 1571 892 1743 955; x_wconf 90' lang='lat' dir='ltr'><strong>quae</strong></span> <span class='ocrx_word' id='word_1_48' title='bbox 1772 877 1972 939; x_wconf 86' lang='lat' dir='ltr'><strong>antea</strong></span> <span class='ocrx_word' id='word_1_49' title='bbox 1996 874 2375 955; x_wconf 89' lang='lat' dir='ltr'><strong>peccaverit</strong></span> <span class='ocrx_word' id='word_1_50' title='bbox 2405 873 2626 940; x_wconf 90' lang='lat' dir='ltr'><strong>anima</strong></span> <span class='ocrx_word' id='word_1_51' title='bbox 2657 893 2925 958; x_wconf 84' lang='lat' dir='ltr'><strong>cognos-</strong></span> 
     </span>
     <span class='ocr_line' id='line_1_6' title="bbox 565 976 2251 1064; baseline -0.002 -18"><span class='ocrx_word' id='word_1_52' title='bbox 565 985 758 1047; x_wconf 81' lang='lat' dir='ltr'><strong>catur</strong></span> <span class='ocrx_word' id='word_1_53' title='bbox 801 984 870 1046; x_wconf 90' lang='lat' dir='ltr'><strong>et</strong></span> <span class='ocrx_word' id='word_1_54' title='bbox 910 977 1031 1044; x_wconf 91' lang='lat' dir='ltr'><strong>fiat</strong></span> <span class='ocrx_word' id='word_1_55' title='bbox 1074 976 1401 1060; x_wconf 91' lang='lat' dir='ltr'><strong>iudicium,</strong></span> <span class='ocrx_word' id='word_1_56' title='bbox 1420 993 1427 999; x_wconf 88' lang='grc'><em>·</em></span> <span class='ocrx_word' id='word_1_57' title='bbox 1446 978 1564 1044; x_wconf 89' lang='lat' dir='ltr'><strong>sed</strong></span> <span class='ocrx_word' id='word_1_58' title='bbox 1605 978 1889 1064; x_wconf 89' lang='lat' dir='ltr'><strong>nondum</strong></span> <span class='ocrx_word' id='word_1_59' title='bbox 1936 976 2251 1042; x_wconf 81' lang='lat' dir='ltr'><strong>ultimum.</strong></span> 
     </span>
    </p>
   </div>
   <div class='ocr_carea' id='block_1_3' title="bbox 566 1116 2926 2345">
    <p class='ocr_par' dir='ltr' id='par_1_3' title="bbox 573 1116 2924 1418">
     <span class='ocr_line' id='line_1_7' title="bbox 741 1116 2921 1215; baseline -0 -16"><span class='ocrx_word' id='word_1_60' title='bbox 741 1133 916 1199; x_wconf 84' lang='lat' dir='ltr'><strong>Sane</strong></span> <span class='ocrx_word' id='word_1_61' title='bbox 945 1116 1155 1198; x_wconf 86' lang='lat' dir='ltr'><strong>multa</strong></span> <span class='ocrx_word' id='word_1_62' title='bbox 1190 1130 1261 1196; x_wconf 96' lang='lat' dir='ltr'><strong>in</strong></span> <span class='ocrx_word' id='word_1_63' title='bbox 1289 1130 1395 1197; x_wconf 87' lang='lat' dir='ltr'><strong>his</strong></span> <span class='ocrx_word' id='word_1_64' title='bbox 1426 1135 1598 1215; x_wconf 89' lang='lat' dir='ltr'><strong>sunt,</strong></span> <span class='ocrx_word' id='word_1_65' title='bbox 1629 1130 1867 1213; x_wconf 91' lang='lat' dir='ltr'><strong>quibus</strong></span> <span class='ocrx_word' id='word_1_66' title='bbox 1899 1134 1979 1197; x_wconf 91' lang='lat' dir='ltr'><strong>de</strong></span> <span class='ocrx_word' id='word_1_67' title='bbox 2008 1132 2207 1197; x_wconf 92' lang='lat' dir='ltr'><strong>rebus</strong></span> <span class='ocrx_word' id='word_1_68' title='bbox 2237 1130 2374 1196; x_wconf 89' lang='lat' dir='ltr'><strong>iam</strong></span> <span class='ocrx_word' id='word_1_69' title='bbox 2409 1130 2578 1197; x_wconf 87' lang='lat' dir='ltr'><strong>satis</strong></span> <span class='ocrx_word' id='word_1_70' title='bbox 2607 1130 2921 1198; x_wconf 87' lang='lat' dir='ltr'><strong>tractatis</strong></span> 
     </span>
     <span class='ocr_line' id='line_1_8' title="bbox 580 1224 2924 1317; baseline -0.001 -15"><span class='ocrx_word' id='word_1_71' title='bbox 580 1237 1017 1317; x_wconf 84' lang='lat' dir='ltr'><strong>admonemur,</strong></span> <span class='ocrx_word' id='word_1_72' title='bbox 1062 1235 1179 1300; x_wconf 89' lang='lat' dir='ltr'><strong>sed</strong></span> <span class='ocrx_word' id='word_1_73' title='bbox 1206 1251 1528 1315; x_wconf 85' lang='lat' dir='ltr'><strong>nusquam</strong></span> <span class='ocrx_word' id='word_1_74' title='bbox 1558 1233 1674 1317; x_wconf 89' lang='lat' dir='ltr'><strong>ita,</strong></span> <span class='ocrx_word' id='word_1_75' title='bbox 1704 1238 1782 1299; x_wconf 89' lang='lat' dir='ltr'><strong>ut</strong></span> <span class='ocrx_word' id='word_1_76' title='bbox 1824 1251 2104 1315; x_wconf 91' lang='lat' dir='ltr'><strong>quonam</strong></span> <span class='ocrx_word' id='word_1_77' title='bbox 2131 1251 2215 1298; x_wconf 88' lang='lat' dir='ltr'><strong>ex</strong></span> <span class='ocrx_word' id='word_1_78' title='bbox 2257 1224 2439 1299; x_wconf 85' lang='lat' dir='ltr'><strong>fonte</strong></span> <span class='ocrx_word' id='word_1_79' title='bbox 2475 1251 2556 1299; x_wconf 91' lang='lat' dir='ltr'><strong>ea</strong></span> <span class='ocrx_word' id='word_1_80' title='bbox 2599 1233 2924 1315; x_wconf 88' lang='lat' dir='ltr'><strong>profluere</strong></span> 
     </span>
     <span class='ocr_line' id='line_1_9' title="bbox 573 1332 2472 1418; baseline -0.002 -13"><span class='ocrx_word' id='word_1_81' title='bbox 573 1337 1044 1405; x_wconf 90' lang='lat' dir='ltr'><strong>debuerint</strong></span> <span class='ocrx_word' id='word_1_82' title='bbox 1085 1355 1204 1418; x_wconf 92' lang='lat' dir='ltr'><strong>pro</strong></span> <span class='ocrx_word' id='word_1_83' title='bbox 1249 1341 1430 1403; x_wconf 89' lang='lat' dir='ltr'><strong>certo</strong></span> <span class='ocrx_word' id='word_1_84' title='bbox 1459 1335 1782 1418; x_wconf 90' lang='lat' dir='ltr'><strong>possimus</strong></span> <span class='ocrx_word' id='word_1_85' title='bbox 1828 1334 2177 1402; x_wconf 88' lang='lat' dir='ltr'><strong>affirmare.</strong></span> <span class='ocrx_word' id='word_1_86' title='bbox 2465 1332 2472 1338; x_wconf 76' lang='grc'><strong>’</strong></span> 
     </span>
    </p>

    <p class='ocr_par' dir='ltr' id='par_1_4' title="bbox 566 1437 2926 2345">
     <span class='ocr_line' id='line_1_10' title="bbox 736 1437 2923 1531; baseline -0.001 -25"><span class='ocrx_word' id='word_1_87' title='bbox 736 1440 963 1521; x_wconf 80' lang='lat' dir='ltr'><strong>Neque</strong></span> <span class='ocrx_word' id='word_1_88' title='bbox 1024 1439 1272 1505; x_wconf 90' lang='lat' dir='ltr'><strong>mirum</strong></span> <span class='ocrx_word' id='word_1_89' title='bbox 1342 1443 1480 1531; x_wconf 88' lang='lat' dir='ltr'><strong>est,</strong></span> <span class='ocrx_word' id='word_1_90' title='bbox 1539 1440 1709 1520; x_wconf 91' lang='lat' dir='ltr'><strong>quod</strong></span> <span class='ocrx_word' id='word_1_91' title='bbox 1753 1457 1882 1505; x_wconf 93' lang='lat' dir='ltr'><strong>non</strong></span> <span class='ocrx_word' id='word_1_92' title='bbox 1947 1438 2142 1520; x_wconf 92' lang='lat' dir='ltr'><strong>plura</strong></span> <span class='ocrx_word' id='word_1_93' title='bbox 2197 1437 2578 1505; x_wconf 87' lang='lat' dir='ltr'><strong>testimonia</strong></span> <span class='ocrx_word' id='word_1_94' title='bbox 2637 1443 2923 1522; x_wconf 85' lang='lat' dir='ltr'><strong>exstant,</strong></span> 
     </span>
     <span class='ocr_line' id='line_1_11' title="bbox 566 1526 2924 1625; baseline -0.002 -14"><span class='ocrx_word' id='word_1_95' title='bbox 566 1543 808 1611; x_wconf 84' lang='lat' dir='ltr'><strong>buibus</strong></span> <span class='ocrx_word' id='word_1_96' title='bbox 833 1543 1248 1625; x_wconf 91' lang='lat' dir='ltr'><strong>antiquorum</strong></span> <span class='ocrx_word' id='word_1_97' title='bbox 1264 1526 1602 1624; x_wconf 85' lang='lat' dir='ltr'><strong>opiniones</strong></span> <span class='ocrx_word' id='word_1_98' title='bbox 1630 1541 1930 1623; x_wconf 87' lang='lat' dir='ltr'><strong>quamvis</strong></span> <span class='ocrx_word' id='word_1_99' title='bbox 1952 1539 2227 1607; x_wconf 90' lang='lat' dir='ltr'><strong>mutatis</strong></span> <span class='ocrx_word' id='word_1_100' title='bbox 2249 1539 2650 1622; x_wconf 80' lang='lat' dir='ltr'><strong>temporibus</strong></span> <span class='ocrx_word' id='word_1_101' title='bbox 2674 1540 2924 1607; x_wconf 89' lang='lat' dir='ltr'><strong>diutius</strong></span> 
     </span>
     <span class='ocr_line' id='line_1_12' title="bbox 571 1630 2925 1730; baseline -0.002 -17"><span class='ocrx_word' id='word_1_102' title='bbox 571 1645 866 1730; x_wconf 86' lang='lat' dir='ltr'><strong>viguisse</strong></span> <span class='ocrx_word' id='word_1_103' title='bbox 938 1630 1275 1728; x_wconf 80' lang='lat' dir='ltr'><strong>appa‘reat.</strong></span> <span class='ocrx_word' id='word_1_104' title='bbox 1375 1645 1545 1710; x_wconf 90' lang='lat' dir='ltr'><strong>Nam</strong></span> <span class='ocrx_word' id='word_1_105' title='bbox 1616 1642 2138 1710; x_wconf 85' lang='lat' dir='ltr'><strong>Christianorum</strong></span> <span class='ocrx_word' id='word_1_106' title='bbox 2211 1643 2526 1711; x_wconf 79' lang='lat' dir='ltr'>doctrinis</span> <span class='ocrx_word' id='word_1_107' title='bbox 2598 1643 2925 1726; x_wconf 90' lang='lat' dir='ltr'><strong>paulatim</strong></span> 
     </span>
     <span class='ocr_line' id='line_1_13' title="bbox 570 1745 2923 1831; baseline 0 -17"><span class='ocrx_word' id='word_1_108' title='bbox 570 1749 771 1831; x_wconf 91' lang='lat' dir='ltr'><strong>plane</strong></span> <span class='ocrx_word' id='word_1_109' title='bbox 815 1767 1167 1830; x_wconf 84' lang='lat' dir='ltr'><strong>oppressae</strong></span> <span class='ocrx_word' id='word_1_110' title='bbox 1226 1751 1412 1831; x_wconf 89' lang='lat' dir='ltr'><strong>sunt,</strong></span> <span class='ocrx_word' id='word_1_111' title='bbox 1470 1765 1596 1828; x_wconf 90' lang='lat' dir='ltr'><strong>quo</strong></span> <span class='ocrx_word' id='word_1_112' title='bbox 1639 1747 1733 1823; x_wconf 88' lang='lat' dir='ltr'><strong>fit,</strong></span> <span class='ocrx_word' id='word_1_113' title='bbox 1792 1752 1868 1813; x_wconf 89' lang='lat' dir='ltr'><strong>ut</strong></span> <span class='ocrx_word' id='word_1_114' title='bbox 1912 1747 1983 1813; x_wconf 93' lang='lat' dir='ltr'><strong>in</strong></span> <span class='ocrx_word' id='word_1_115' title='bbox 2047 1747 2240 1813; x_wconf 91' lang='lat' dir='ltr'><strong>libris</strong></span> <span class='ocrx_word' id='word_1_116' title='bbox 2300 1745 2683 1829; x_wconf 87' lang='lat' dir='ltr'><strong>posterioris</strong></span> <span class='ocrx_word' id='word_1_117' title='bbox 2757 1746 2923 1828; x_wconf 85' lang='lat' dir='ltr'><strong>aevi,</strong></span> 
     </span>
     <span class='ocr_line' id='line_1_14' title="bbox 568 1848 2923 1934; baseline -0.001 -17"><span class='ocrx_word' id='word_1_118' title='bbox 568 1850 640 1917; x_wconf 89' lang='lat' dir='ltr'><strong>in</strong></span> <span class='ocrx_word' id='word_1_119' title='bbox 711 1850 952 1932; x_wconf 88' lang='lat' dir='ltr'><strong>quibus</strong></span> <span class='ocrx_word' id='word_1_120' title='bbox 1026 1869 1102 1932; x_wconf 95' lang='lat' dir='ltr'><strong>sp</strong></span> <span class='ocrx_word' id='word_1_121' title='bbox 1110 1869 1254 1917; x_wconf 87' lang='lat' dir='ltr'><strong>eres</strong></span> <span class='ocrx_word' id='word_1_122' title='bbox 1326 1849 1466 1916; x_wconf 89' lang='lat' dir='ltr'><strong>fore</strong></span> <span class='ocrx_word' id='word_1_123' title='bbox 1539 1855 1615 1916; x_wconf 93' lang='lat' dir='ltr'><strong>ut</strong></span> <span class='ocrx_word' id='word_1_124' title='bbox 1671 1848 1963 1934; x_wconf 87' lang='lat' dir='ltr'><strong>vestigia</strong></span> <span class='ocrx_word' id='word_1_125' title='bbox 2036 1869 2119 1916; x_wconf 87' lang='lat' dir='ltr'><strong>ex</strong></span> <span class='ocrx_word' id='word_1_126' title='bbox 2179 1849 2579 1931; x_wconf 75' lang='lat' dir='ltr'><strong>antiquitate</strong></span> <span class='ocrx_word' id='word_1_127' title='bbox 2652 1853 2923 1916; x_wconf 86' lang='lat' dir='ltr'><strong>servata</strong></span> 
     </span>
     <span class='ocr_line' id='line_1_15' title="bbox 570 1945 2922 2038; baseline -0.001 -17"><span class='ocrx_word' id='word_1_128' title='bbox 570 1953 1034 2036; x_wconf 83' lang='lat' dir='ltr'><strong>inveniantur,</strong></span> <span class='ocrx_word' id='word_1_129' title='bbox 1095 1952 1348 2019; x_wconf 89' lang='lat' dir='ltr'><strong>frustra</strong></span> <span class='ocrx_word' id='word_1_130' title='bbox 1406 1952 1973 2038; x_wconf 83' lang='lat' dir='ltr'><strong>circumspicias.¹)</strong></span> <span class='ocrx_word' id='word_1_131' title='bbox 2066 1952 2128 2018; x_wconf 93' lang='lat' dir='ltr'>D</span> <span class='ocrx_word' id='word_1_132' title='bbox 2146 1971 2244 2019; x_wconf 91' lang='lat' dir='ltr'><strong>an</strong></span> <span class='ocrx_word' id='word_1_133' title='bbox 2261 1952 2437 2018; x_wconf 91' lang='lat' dir='ltr'><strong>tius</strong></span> <span class='ocrx_word' id='word_1_134' title='bbox 2495 1945 2701 2033; x_wconf 80' lang='lat' dir='ltr'><strong>poeta&#39;</strong></span> <span class='ocrx_word' id='word_1_135' title='bbox 2750 1951 2922 2018; x_wconf 87' lang='lat' dir='ltr'><strong>solus</strong></span> 
     </span>
     <span class='ocr_line' id='line_1_16' title="bbox 572 2052 2926 2136; baseline -0.002 -14"><span class='ocrx_word' id='word_1_136' title='bbox 572 2054 858 2122; x_wconf 90' lang='lat' dir='ltr'><strong>Minoem</strong></span> <span class='ocrx_word' id='word_1_137' title='bbox 888 2058 1099 2122; x_wconf 92' lang='lat' dir='ltr'><strong>denuo</strong></span> <span class='ocrx_word' id='word_1_138' title='bbox 1122 2054 1526 2122; x_wconf 89' lang='lat' dir='ltr'><strong>iudicantem</strong></span> <span class='ocrx_word' id='word_1_139' title='bbox 1549 2053 1710 2120; x_wconf 86' lang='lat' dir='ltr'><strong>fecit</strong></span> <span class='ocrx_word' id='word_1_140' title='bbox 1741 2055 1874 2120; x_wconf 91' lang='lat' dir='ltr'><strong>iam</strong></span> <span class='ocrx_word' id='word_1_141' title='bbox 1903 2073 2065 2123; x_wconf 89' lang='lat' dir='ltr'><strong>vera</strong></span> <span class='ocrx_word' id='word_1_142' title='bbox 2097 2054 2344 2121; x_wconf 87' lang='lat' dir='ltr'><strong>diaboli</strong></span> <span class='ocrx_word' id='word_1_143' title='bbox 2373 2052 2592 2136; x_wconf 90' lang='lat' dir='ltr'><strong>specie</strong></span> <span class='ocrx_word' id='word_1_144' title='bbox 2623 2052 2926 2120; x_wconf 91' lang='lat' dir='ltr'><strong>indutum</strong></span> 
     </span>
     <span class='ocr_line' id='line_1_17' title="bbox 573 2154 2923 2253; baseline -0.001 -29"><span class='ocrx_word' id='word_1_145' title='bbox 573 2157 937 2253; x_wconf 84' lang='lat' dir='ltr'><strong>christiani,</strong></span> <span class='ocrx_word' id='word_1_146' title='bbox 982 2157 1095 2239; x_wconf 90' lang='lat' dir='ltr'><strong>qui</strong></span> <span class='ocrx_word' id='word_1_147' title='bbox 1139 2159 1353 2223; x_wconf 90' lang='lat' dir='ltr'><strong>cauda</strong></span> <span class='ocrx_word' id='word_1_148' title='bbox 1411 2156 1481 2223; x_wconf 90' lang='lat' dir='ltr'><strong>in</strong></span> <span class='ocrx_word' id='word_1_149' title='bbox 1541 2156 1792 2239; x_wconf 88' lang='lat' dir='ltr'><strong>spiram</strong></span> <span class='ocrx_word' id='word_1_150' title='bbox 1851 2157 2197 2225; x_wconf 86' lang='lat' dir='ltr'><strong>convoluta</strong></span> <span class='ocrx_word' id='word_1_151' title='bbox 2257 2156 2509 2223; x_wconf 90' lang='lat' dir='ltr'><strong>indicat</strong></span> <span class='ocrx_word' id='word_1_152' title='bbox 2524 2207 2540 2240; x_wconf 89' lang='lat'>,</span> <span class='ocrx_word' id='word_1_153' title='bbox 2600 2174 2796 2237; x_wconf 91' lang='lat' dir='ltr'><strong>quam</strong></span> <span class='ocrx_word' id='word_1_154' title='bbox 2853 2154 2923 2221; x_wconf 91' lang='lat' dir='ltr'><strong>in</strong></span> 
     </span>
     <span class='ocr_line' id='line_1_18' title="bbox 571 2258 2541 2345; baseline -0.001 -18"><span class='ocrx_word' id='word_1_155' title='bbox 571 2261 906 2344; x_wconf 87' lang='lat' dir='ltr'><strong>regionem</strong></span> <span class='ocrx_word' id='word_1_156' title='bbox 953 2260 1346 2327; x_wconf 83' lang='lat' dir='ltr'><strong>detrudendi</strong></span> <span class='ocrx_word' id='word_1_157' title='bbox 1390 2259 1526 2326; x_wconf 90' lang='lat' dir='ltr'><strong>sint</strong></span> <span class='ocrx_word' id='word_1_158' title='bbox 1566 2265 1946 2342; x_wconf 85' lang='lat' dir='ltr'><strong>peccatores</strong></span> <span class='ocrx_word' id='word_1_159' title='bbox 1992 2258 2139 2345; x_wconf 86' lang='lat' dir='ltr'><strong>(Inf.</strong></span> <span class='ocrx_word' id='word_1_160' title='bbox 2184 2260 2261 2335; x_wconf 90' lang='lat' dir='ltr'><strong>V,</strong></span> <span class='ocrx_word' id='word_1_161' title='bbox 2299 2261 2341 2325; x_wconf 88' lang='lat'><strong>4</strong></span> <span class='ocrx_word' id='word_1_162' title='bbox 2357 2259 2541 2344; x_wconf 86' lang='lat' dir='ltr'><strong>sqq.).</strong></span> 
     </span>
    </p>
   </div>
   <div class='ocr_carea' id='block_1_4' title="bbox 573 2385 975 2392">
    <p class='ocr_par' dir='ltr' id='par_1_5' title="bbox 573 2385 975 2392">
     <span class='ocr_line' id='line_1_19' title="bbox 573 2385 975 2392; baseline 0 2726"><span class='ocrx_word' id='word_1_163' title='bbox 573 2385 975 2392; x_wconf 95' lang='lat' dir='ltr'><strong> </strong></span> 
     </span>
    </p>
   </div>
   <div class='ocr_carea' id='block_1_5' title="bbox 563 2428 2925 2928">
    <p class='ocr_par' dir='ltr' id='par_1_6' title="bbox 563 2428 2925 2928">
     <span class='ocr_line' id='line_1_20' title="bbox 744 2428 2925 2500; baseline -0.001 -15"><span class='ocrx_word' id='word_1_164' title='bbox 744 2429 784 2500; x_wconf 85' lang='grc'><strong>1)</strong></span> <span class='ocrx_word' id='word_1_165' title='bbox 819 2430 1043 2498; x_wconf 84' lang='lat' dir='ltr'><strong>Inspexi</strong></span> <span class='ocrx_word' id='word_1_166' title='bbox 1083 2430 1364 2498; x_wconf 87' lang='lat' dir='ltr'><strong>Anonymi</strong></span> <span class='ocrx_word' id='word_1_167' title='bbox 1398 2430 1632 2499; x_wconf 83' lang='lat' dir='ltr'><strong>Byzant.</strong></span> <span class='ocrx_word' id='word_1_168' title='bbox 1679 2431 1747 2485; x_wconf 89' lang='lat' dir='ltr'><strong>de</strong></span> <span class='ocrx_word' id='word_1_169' title='bbox 1794 2430 1939 2485; x_wconf 91' lang='lat' dir='ltr'><strong>caelo</strong></span> <span class='ocrx_word' id='word_1_170' title='bbox 1985 2432 2045 2486; x_wconf 84' lang='lat' dir='ltr'><strong>et</strong></span> <span class='ocrx_word' id='word_1_171' title='bbox 2087 2428 2185 2483; x_wconf 69' lang='lat' dir='ltr'><strong>ins.</strong></span> <span class='ocrx_word' id='word_1_172' title='bbox 2221 2428 2528 2498; x_wconf 83' lang='lat' dir='ltr'><strong>epistulam,</strong></span> <span class='ocrx_word' id='word_1_173' title='bbox 2553 2444 2715 2497; x_wconf 91' lang='lat' dir='ltr'><strong>quam</strong></span> <span class='ocrx_word' id='word_1_174' title='bbox 2750 2428 2925 2484; x_wconf 86' lang='lat' dir='ltr'><strong>edidit</strong></span> 
     </span>
     <span class='ocr_line' id='line_1_21' title="bbox 567 2512 2923 2591; baseline 0 -21"><span class='ocrx_word' id='word_1_175' title='bbox 567 2512 968 2571; x_wconf 79' lang='lat' dir='ltr'><strong>Radermacher</strong></span> <span class='ocrx_word' id='word_1_176' title='bbox 983 2514 1042 2591; x_wconf 85' lang='lat' dir='ltr'><strong>in</strong></span> <span class='ocrx_word' id='word_1_177' title='bbox 1065 2514 1333 2584; x_wconf 86' lang='lat' dir='ltr'><strong>„Studien</strong></span> <span class='ocrx_word' id='word_1_178' title='bbox 1351 2531 1450 2571; x_wconf 85' lang='lat' dir='ltr'><strong>zur</strong></span> <span class='ocrx_word' id='word_1_179' title='bbox 1469 2515 1658 2571; x_wconf 80' lang='lat' dir='ltr'><strong>Gesch.</strong></span> <span class='ocrx_word' id='word_1_180' title='bbox 1676 2515 1773 2571; x_wconf 89' lang='lat' dir='ltr'><strong>der</strong></span> <span class='ocrx_word' id='word_1_181' title='bbox 1789 2514 1973 2572; x_wconf 82' lang='lat' dir='ltr'><strong>Theol.</strong></span> <span class='ocrx_word' id='word_1_182' title='bbox 1999 2532 2052 2571; x_wconf 89' lang='lat' dir='ltr'><strong>n.</strong></span> <span class='ocrx_word' id='word_1_183' title='bbox 2075 2514 2307 2571; x_wconf 86' lang='lat' dir='ltr'><strong>Kirche“</strong></span> <span class='ocrx_word' id='word_1_184' title='bbox 2327 2514 2432 2570; x_wconf 83' lang='lat' dir='ltr'><strong>vol.</strong></span> <span class='ocrx_word' id='word_1_185' title='bbox 2450 2514 2539 2569; x_wconf 90' lang='lat'><strong>111</strong></span> <span class='ocrx_word' id='word_1_186' title='bbox 2558 2515 2923 2584; x_wconf 86' lang='lat' dir='ltr'><strong>(Bonwetsch-</strong></span> 
     </span>
     <span class='ocr_line' id='line_1_22' title="bbox 565 2601 2923 2672; baseline -0 -15"><span class='ocrx_word' id='word_1_187' title='bbox 565 2601 850 2672; x_wconf 85' lang='lat' dir='ltr'><strong>Seeberg);</strong></span> <span class='ocrx_word' id='word_1_188' title='bbox 902 2617 1046 2657; x_wconf 88' lang='lat' dir='ltr'><strong>nunc</strong></span> <span class='ocrx_word' id='word_1_189' title='bbox 1093 2602 1272 2658; x_wconf 89' lang='lat' dir='ltr'><strong>denuo</strong></span> <span class='ocrx_word' id='word_1_190' title='bbox 1317 2601 1376 2656; x_wconf 90' lang='lat' dir='ltr'><strong>in</strong></span> <span class='ocrx_word' id='word_1_191' title='bbox 1433 2602 1609 2657; x_wconf 89' lang='lat' dir='ltr'><strong>lucem</strong></span> <span class='ocrx_word' id='word_1_192' title='bbox 1654 2602 1930 2671; x_wconf 84' lang='lat' dir='ltr'><strong>profertur</strong></span> <span class='ocrx_word' id='word_1_193' title='bbox 1976 2619 2009 2657; x_wconf 90' lang='lat' dir='ltr'><strong>a</strong></span> <span class='ocrx_word' id='word_1_194' title='bbox 2053 2601 2286 2656; x_wconf 80' lang='lat' dir='ltr'><strong>Rudolfo</strong></span> <span class='ocrx_word' id='word_1_195' title='bbox 2331 2601 2615 2671; x_wconf 88' lang='lat' dir='ltr'><strong>Homburg</strong></span> <span class='ocrx_word' id='word_1_196' title='bbox 2662 2601 2923 2670; x_wconf 81' lang='lat' dir='ltr'><strong>inscripta</strong></span> 
     </span>
     <span class='ocr_line' id='line_1_23' title="bbox 566 2684 2922 2756; baseline -0.001 -13"><span class='ocrx_word' id='word_1_197' title='bbox 566 2688 666 2755; x_wconf 87' lang='lat' dir='ltr'><strong>Ap</strong></span> <span class='ocrx_word' id='word_1_198' title='bbox 679 2703 710 2741; x_wconf 95' lang='lat' dir='ltr'><strong>o</strong></span> <span class='ocrx_word' id='word_1_199' title='bbox 724 2687 830 2742; x_wconf 91' lang='lat' dir='ltr'><strong>cal</strong></span> <span class='ocrx_word' id='word_1_200' title='bbox 845 2704 881 2754; x_wconf 87' lang='lat' dir='ltr'><strong>y</strong></span> <span class='ocrx_word' id='word_1_201' title='bbox 894 2703 929 2755; x_wconf 90' lang='lat' dir='ltr'><strong>p</strong></span> <span class='ocrx_word' id='word_1_202' title='bbox 942 2685 1039 2741; x_wconf 81' lang='lat' dir='ltr'><strong>sis</strong></span> <span class='ocrx_word' id='word_1_203' title='bbox 1075 2686 1404 2742; x_wconf 82' lang='lat' dir='ltr'><strong>Anastasiae</strong></span> <span class='ocrx_word' id='word_1_204' title='bbox 1443 2686 1505 2742; x_wconf 93' lang='lat' dir='ltr'><strong>in</strong></span> <span class='ocrx_word' id='word_1_205' title='bbox 1539 2686 1863 2743; x_wconf 89' lang='lat' dir='ltr'><strong>bibliotheca</strong></span> <span class='ocrx_word' id='word_1_206' title='bbox 1897 2684 2294 2743; x_wconf 86' lang='lat' dir='ltr'><strong>Teubneriana.</strong></span> <span class='ocrx_word' id='word_1_207' title='bbox 2364 2686 2495 2741; x_wconf 91' lang='lat' dir='ltr'><strong>Vidi</strong></span> <span class='ocrx_word' id='word_1_208' title='bbox 2540 2692 2757 2756; x_wconf 85' lang='lat' dir='ltr'><strong>praeter</strong></span> <span class='ocrx_word' id='word_1_209' title='bbox 2802 2702 2922 2742; x_wconf 91' lang='lat' dir='ltr'><strong>eam</strong></span> 
     </span>
     <span class='ocr_line' id='line_1_24' title="bbox 564 2771 2922 2843; baseline -0 -14"><span class='ocrx_word' id='word_1_210' title='bbox 564 2771 928 2829; x_wconf 84' lang='lat' dir='ltr'><strong>Visionem</strong></span> <span class='ocrx_word' id='word_1_211' title='bbox 962 2771 1260 2842; x_wconf 86' lang='lat' dir='ltr'><strong>Tnugdali,</strong></span> <span class='ocrx_word' id='word_1_212' title='bbox 1309 2787 1472 2840; x_wconf 88' lang='lat' dir='ltr'><strong>quam</strong></span> <span class='ocrx_word' id='word_1_213' title='bbox 1507 2771 1590 2826; x_wconf 89' lang='lat' dir='ltr'><strong>ed.</strong></span> <span class='ocrx_word' id='word_1_214' title='bbox 1638 2772 1704 2830; x_wconf 82' lang='lat' dir='ltr'><strong>A.</strong></span> <span class='ocrx_word' id='word_1_215' title='bbox 1741 2773 2001 2843; x_wconf 85' lang='lat' dir='ltr'><strong>Wagner,</strong></span> <span class='ocrx_word' id='word_1_216' title='bbox 2056 2777 2113 2829; x_wconf 85' lang='lat' dir='ltr'><strong>et</strong></span> <span class='ocrx_word' id='word_1_217' title='bbox 2146 2771 2504 2828; x_wconf 83' lang='lat' dir='ltr'><strong>Visionem</strong></span> <span class='ocrx_word' id='word_1_218' title='bbox 2539 2772 2701 2828; x_wconf 88' lang='lat' dir='ltr'><strong>Pauli</strong></span> <span class='ocrx_word' id='word_1_219' title='bbox 2737 2789 2805 2829; x_wconf 83' lang='lat' dir='ltr'><strong>ex</strong></span> <span class='ocrx_word' id='word_1_220' title='bbox 2839 2773 2922 2828; x_wconf 89' lang='lat' dir='ltr'><strong>ed.</strong></span> 
     </span>
     <span class='ocr_line' id='line_1_25' title="bbox 563 2856 1869 2928; baseline -0.002 -15"><span class='ocrx_word' id='word_1_221' title='bbox 563 2857 809 2913; x_wconf 82' lang='lat' dir='ltr'><strong>Brandes</strong></span> <span class='ocrx_word' id='word_1_222' title='bbox 844 2856 1033 2926; x_wconf 69' lang='lat' dir='ltr'><strong>(Texta</strong></span> <span class='ocrx_word' id='word_1_223' title='bbox 1069 2856 1178 2911; x_wconf 89' lang='lat' dir='ltr'><strong>and</strong></span> <span class='ocrx_word' id='word_1_224' title='bbox 1212 2856 1429 2911; x_wconf 82' lang='lat' dir='ltr'><strong>Studies</strong></span> <span class='ocrx_word' id='word_1_225' title='bbox 1463 2856 1537 2928; x_wconf 88' lang='lat' dir='ltr'><strong>H,</strong></span> <span class='ocrx_word' id='word_1_226' title='bbox 1573 2856 1643 2924; x_wconf 87' lang='lat'><strong>3).</strong></span> <span class='ocrx_word' id='word_1_227' title='bbox 1860 2893 1869 2899; x_wconf 88' lang='lat'>-</span> 
     </span>
    </p>
   </div>
   <div class='ocr_carea' id='block_1_6' title="bbox 3461 3641 3462 5090">
    <p class='ocr_par' dir='ltr' id='par_1_7' title="bbox 3461 3641 3462 5090">
     <span class='ocr_line' id='line_1_26' title="bbox 3461 3641 3462 5090; baseline 0 0"><span class='ocrx_word' id='word_1_228' title='bbox 3461 3641 3462 5090; x_wconf 95' lang='lat' dir='ltr'><strong> </strong></span> 
     </span>
    </p>
   </div>
  </div>
 </body>
</html>
