3475 5118
670 443 755 511 66
1721 437 1784 491 L.
1817 435 1970 531 'Ruhl
2910 432 3020 520 [34

669 610 787 694 μὲν
827 607 1082 692 ἀγαθὰς
1125 604 1377 689 ἀγαθοῦ
1402 608 1656 688 μισθοῦ
1681 605 2027 689 τυγχάνειν,
2064 601 2179 680 τὰς
2209 602 2279 668 δὲ
2307 600 2595 690 πονηρὰς
2646 601 3027 667 ἀκολούθων

675 713 883 780 δικῶν.

843 850 1054 915 Multo
1098 848 1381 914 clariora
1445 845 1558 927 qui
1599 844 1928 926 proximus
1976 850 2077 910 est
2151 845 2430 925 praebet
2472 843 2771 910 Platonis
2829 844 3028 910 vesti-

673 954 789 1037 gia
833 950 1366 1018 Themistius
1411 954 1650 1032 orator,
1695 948 1809 1028 qui
1852 947 1923 1013 in
1968 948 2201 1013 threno
2244 947 2425 1028 patri
2469 946 2789 1029 dedicato,
2834 967 3027 1028 quam

675 1059 916 1122 sortem
981 1055 1097 1120 ille
1165 1057 1449 1118 nanctus
1523 1051 1645 1134 sit,
1718 1050 1846 1117 sibi
1905 1048 2099 1133 fingit
2157 1050 2381 1118 verbis
2441 1049 2547 1115 his
2610 1049 2802 1133 (orat.
2878 1049 3030 1131 XX,

676 1180 737 1242 p.
781 1160 909 1225 234
932 1158 982 1223 C
1032 1159 1129 1223 ed.
1174 1155 1424 1241 Dind.):
1469 1206 1484 1221 .
1531 1206 1545 1220 .
1610 1153 1721 1217 καὶ
1781 1152 1851 1217 σὲ
1911 1150 2171 1233 ἐδέξατο
2232 1150 2372 1237 ἱερὰ
2424 1154 2600 1216 θεῶν
2658 1150 2862 1236 ἀγορὰ
2922 1151 3032 1215 καὶ

679 1260 878 1347 δῆμος
937 1258 1209 1344 ἀγαθῶν
1261 1256 1600 1339 δαιμόνων,
1647 1255 2073 1343 εὖφημοῦντές
2114 1260 2188 1319 τέ
2230 1277 2302 1319 σε
2345 1254 2453 1319 καὶ
2492 1267 3033 1341 προαπαντῶντες

678 1365 790 1428 καὶ
830 1361 1275 1444 ἀσπαζόμενοι
1295 1361 1347 1446 1)
1414 1359 1513 1424 ὅτι
1557 1361 1784 1444 σφίσιν
1829 1353 2157 1435 ἐκτελέσας
2198 1356 2270 1423 τὸ
2338 1361 2526 1445 χρέος
2585 1353 2660 1423 οὗ
2721 1379 2793 1423 σε
2850 1357 3033 1423 ἕνεκα

679 1464 962 1530 ἔστειλαν
1003 1459 1114 1528 ἐπὶ
1157 1472 1286 1549 γῆς,
1332 1462 1641 1549 ἀκήρατος
1684 1460 1882 1537 εὐθὺς
1924 1462 2033 1525 καὶ
2090 1460 2272 1543 ἅγιος
2331 1456 2668 1546 ἐπανῆκες,
2726 1461 2834 1525 καὶ
2894 1460 3035 1525 οὔτε

680 1565 1055 1654 ἔμπροσθεν
1113 1565 1255 1629 οὔτε
1316 1564 1595 1629 ὄπισθεν
1649 1563 1949 1647 μόλυσμα
2006 1561 2263 1649 ἐξηῦρεν
2319 1562 2354 1628 ὃ
2413 1561 2868 1646 Ῥαδάμανθυς
2914 1558 2953 1645 ἢ
2999 1561 3034 1626 ὅ

688 1674 907 1747 Μίνως
949 1666 1487 1755 ἐνσεοημασμένον
1523 1690 1592 1731 τε
1635 1666 1745 1730 καὶ
1792 1661 2290 1752 ἐγγεγραμμένον
2332 1677 2406 1751 τῇ
2450 1677 2645 1751 ψυχῇ,
2690 1664 3036 1745 καθίζουσί

688 1793 762 1837 σε
802 1771 986 1858 παρὰ
1028 1772 1351 1856 Σωκράτει
1395 1769 1506 1833 καὶ
1549 1769 1848 1833 Πλάτωνι
1891 1820 1905 1834 .
1946 1821 1960 1835 .
2006 1819 2021 1834 .

851 1876 994 1942 Hoc
1054 1893 1307 1956 quoque
1351 1874 1489 1939 loco
1546 1872 1861 1938 iudicium
1918 1871 2061 1937 fieri
2105 1872 2175 1937 in
2219 1871 2469 1955 Elysiis
2527 1871 2772 1954 campis
2817 1891 2897 1938 ex
2939 1870 3036 1936 in-

683 1985 882 2045 eunte
900 1976 1338 2059 descriptione
1360 1979 1656 2059 apparet,
1678 1995 1832 2041 nam
1862 1974 1931 2040 in
1962 1975 2097 2040 alia
2119 1964 2395 2058 'regione
2416 1972 2453 2056 ἡ
2472 1973 2611 2060 ἱερὰ
2639 1975 2816 2037 θεῶν
2834 1972 3038 2059 ἀγορὰ

683 2081 795 2145 καὶ
829 2078 863 2144 ὅ
896 2079 1094 2165 δῆμος
1122 2078 1393 2162 ἀγαθῶν
1422 2076 1743 2159 δαιμόνων
1782 2096 1922 2144 esse
1953 2097 2084 2144 non
2113 2081 2347 2159 potest.
2408 2077 2539 2143 Cur
2570 2083 2791 2143 autem
2823 2081 3038 2142 trans·

684 2184 964 2250 tulerint
1022 2187 1089 2249 et
1131 2181 1538 2265 Porphyrius
1600 2186 1669 2246 et
1712 2180 2158 2246 Themisthius
2216 2178 2573 2246 inferorum
2618 2179 2910 2246 tribunal
2955 2181 3042 2245 ad

681 2288 1023 2354 beatorum
1051 2285 1319 2369 insulaS,
1364 2304 1445 2350 ex
1479 2303 1553 2350 eo
1583 2283 1743 2348 mihi
1773 2283 2339 2364 interpretandum
2371 2302 2513 2349 esse
2542 2282 2826 2366 videtur,
2871 2283 3040 2363 quod

682 2389 993 2471 homineS,
1061 2390 1142 2453 de
1209 2388 1445 2468 quibus
1505 2387 1748 2469 agitur,
1812 2390 1948 2452 tam
2014 2390 2242 2452 sancte
2286 2385 2523 2467 pieque
2581 2385 2907 2468 vixerunt,
2965 2390 3042 2453 ut

686 2491 921 2557 statim
989 2491 1073 2555 ad
1118 2491 1262 2555 loca
1306 2489 1426 2554 illa
1470 2488 2002 2571 splendidissima
2046 2489 2473 2571 pervenirent
2515 2488 2738 2571 ibique
2784 2490 3038 2553 demum

687 2593 955 2677 iudiceS,
1014 2592 1072 2658 si
1116 2611 1276 2673 opus
1331 2596 1496 2676 erat,
1554 2591 1993 2659 convenirent.
2016 2593 2064 2673 2)
2153 2592 2364 2657 Minos
2398 2592 2634 2657 deinde
2680 2596 2748 2657 et
2777 2592 3039 2656 Rhada-

686 2697 1015 2779 manthus,
1075 2714 1288 2775 neque
1348 2694 1520 2760 enim
1565 2696 1757 2761 adest
1813 2696 2088 2777 AeacuS,
2133 2698 2386 2775 patrem
2432 2693 2781 2759 Themistii
2826 2711 3034 2774 aeque

693 2802 891 2880 atque
936 2797 1237 2865 Platonis
1282 2797 1521 2864 arbitri
1573 2796 2002 2863 subtilissime
2046 2798 2599 2879 contemplantur,
2655 2797 2772 2862 sed
2815 2797 3030 2861 nullas

693 2901 1041 2969 inveniunt
1072 2900 1430 2985 cicatrices,
1464 2919 1588 2981 quo
1619 2900 1712 2984 fit,
1742 2904 1818 2965 ut
1848 2900 2113 2965 summis
2146 2919 2292 2965 eum
2320 2899 2633 2981 praemiis
2663 2904 2915 2964 ornent.

862 3071 1108 3138 Ultimo
1177 3070 1456 3151 denique
1526 3070 1664 3135 loco
1731 3069 2191 3135 Claudiani
2257 3071 2357 3153 (V,
2415 3071 2542 3136 476
2585 3068 2747 3154 sqq.)
2815 3088 3044 3138 versus

687 3174 1031 3258 proferam,
1091 3191 1362 3253 quorum
1406 3190 1799 3253 quamquam
1844 3172 2023 3252 prior
2080 3192 2237 3253 pars
2299 3192 2380 3238 ex
2423 3174 2860 3239 Romanorum
2910 3172 3046 3254 opi-

688 3277 996 3344 nionibus
1066 3275 1276 3357 fluxit,
1357 3278 1580 3340 tamen
1661 3273 1718 3340 si
1792 3293 1960 3355 quae
2046 3281 2407 3355 sequuntur
2488 3275 2845 3358 diligenter
2903 3295 3047 3357 per-

691 3378 1005 3462 spexeris,
1051 3377 1123 3443 in
1166 3377 1339 3442 hunc
1382 3376 1899 3442 testimoniorum
1949 3381 2322 3443 contextum
2381 3378 2609 3464 deberi
2654 3377 2863 3459 recipi
2919 3398 3048 3444 non

689 3481 1004 3565 negabis:

868 3651 908 3720 1)
944 3652 1028 3705 De
1065 3650 1264 3708 animis
1300 3656 1637 3705 mortuorum
1674 3649 1931 3705 salutatis
1966 3649 2057 3704 adi
2081 3650 2373 3705 Ernestum
2398 3650 2575 3705 Maass
2609 3651 2644 3705 l.
2670 3667 2712 3705 s.
2747 3668 2799 3719 p.
2820 3652 2922 3705 219
2935 3667 3052 3719 sqq.

692 3742 750 3792 et
783 3736 1077 3805 Hyperidis
1131 3735 1281 3804 Epit.
1330 3740 1645 3804 exeuntem,
1694 3735 1791 3789 ubi
1839 3736 2167 3790 Leosthenes
2228 3736 2295 3790 ab
2344 3736 2594 3790 heroibus
2642 3737 2946 3806 salutatur,
2996 3743 3055 3791 et

694 3823 874 3877 Carm.
926 3821 1099 3890 epigr.
1151 3821 1285 3874 1109
1321 3820 1421 3890 (ed.
1459 3821 1757 3875 Buecheler
1790 3845 1861 3865 =
1897 3821 2013 3875 CIL
2055 3821 2146 3889 VI,
2194 3822 2383 3890 21521)
2434 3839 2485 3876 v.
2522 3822 2618 3876 34:
2668 3823 2857 3877 ‘omnis
2893 3823 3056 3878 caeli-

693 3910 872 3981 colum
906 3913 965 3962 te
1002 3906 1236 3976 chor(us)
1275 3905 1580 3975 ex(cipiet)'.

868 3992 909 4062 ²)
946 3992 1212 4047 Similiter
1247 3991 1455 4047 dictum
1488 3992 1547 4046 in
1584 3992 1979 4060 epigrammate
2012 3991 2167 4046 modo
2203 3991 2372 4047 citato
2408 4008 2459 4047 v.
2497 3993 2562 4046 17
2579 4010 2694 4062 sqq.
2711 3980 2734 4048 ε’

897 4095 967 4134 ne
1001 4078 1179 4147 pietas
1215 4078 1414 4146 ignara
1449 4093 1752 4146 superna
1790 4077 1914 4132 sede
1950 4083 2319 4145 receptum

998 4164 1191 4233 lugeat
1228 4204 1240 4216 .
1279 4206 1292 4218 .
1331 4206 1343 4217 .

898 4265 1005 4304 non
1042 4265 1143 4318 ego
1178 4253 1450 4303 tartareas
1485 4248 1780 4316 penetrabo
1817 4248 1996 4303 tristis
2033 4250 2102 4302 ad
2137 4249 2312 4302 undas
2354 4288 2366 4301 .
2405 4290 2417 4301 .
2457 4290 2468 4301 .

830 4341 836 4350 '
901 4351 1057 4390 nam
1093 4350 1187 4389 me
1223 4338 1471 4388 sancta
1500 4334 1736 4389 Venus
1774 4335 1972 4388 sedes
2008 4350 2140 4387 non
2175 4349 2377 4387 nosse
2412 4332 2750 4387 silentum

1002 4418 1219 4474 iussit
1254 4424 1323 4474 et
1357 4419 1431 4474 in
1467 4419 1646 4473 caeli
1682 4419 1924 4474 lucida
1959 4419 2223 4487 templa
2258 4419 2450 4473 tulit.
