3475 5118
456 412 570 500 51]
1286 416 1369 469 De
1405 422 1737 472 mortuorum
1806 416 2005 473 iudicio
2755 425 2838 490 83

453 585 720 651 tianum
766 590 867 650 est
912 604 1176 651 carmen
1221 586 1387 655 illud
1416 587 1529 670 IV,
1565 589 1666 671 11,
1697 588 1817 655 ubi
1868 589 2208 655 Corneliae
2255 593 2490 658 umbra
2535 593 2838 660 Paullum

465 687 816 770 coniugem
874 690 1252 754 consolatur
1295 709 1355 756 v.
1403 692 1487 754 17
1534 709 1706 771 sqq.:

1455 859 1467 871 .
1514 863 1527 875 .
1572 861 1588 877 .
1639 812 1768 876 huo
1812 832 1941 877 non
1985 812 2182 878 noxia
2227 814 2412 882 veni:

774 915 887 977 det
930 911 1137 977 Pater
1182 912 1291 978 hie
1334 914 1611 979 umbrae
1657 914 1883 979 mollia
1928 914 2076 980 iura
2120 935 2325 1000 meae,

669 1018 785 1079 aut
829 1014 1035 1094 siquis
1079 1015 1299 1095 posita
1344 1016 1546 1081 iudex
1591 1019 1782 1082 sedet
1826 1020 2086 1084 Aeacus
2130 1037 2320 1101 urna,

527 1127 600 1181 20
768 1116 838 1181 in
882 1135 1028 1182 mea
1073 1117 1311 1184 sortita
1354 1118 1655 1186 vindicet
1701 1138 1852 1185 ossa
1897 1121 2053 1202 pila.

663 1220 1026 1286 Assideant
1070 1220 1319 1287 fratres
1365 1222 1577 1305 iuxta,
1626 1223 1877 1289 Minoia
1922 1225 2105 1308 sella,

770 1322 1206 1388 Eumenidum
1250 1323 1510 1390 intento
1556 1327 1758 1390 turba
1803 1345 2036 1393 severa
2082 1327 2236 1393 foro,

672 1424 952 1507 Sisyphe
997 1427 1163 1491 mole
1208 1445 1426 1509 vaoeS,
1472 1434 1748 1495 taceant
1792 1429 2043 1495 Ixionis
2086 1431 2276 1495 orbes

536 1641 604 1694 27
668 1631 816 1712 ipsa
859 1631 1091 1712 loquar
1132 1651 1249 1713 pro
1294 1651 1426 1697 me:
1475 1633 1534 1698 si
1583 1632 1760 1717 fallo,
1807 1653 2021 1715 poena
2061 1654 2360 1701 sororum

775 1732 1010 1799 infelix
1057 1753 1312 1800 umeros
1359 1740 1600 1817 urgeat
1647 1755 1818 1801 urna
1865 1756 2058 1802 meos,

636 1870 792 1936 Sese
836 1870 983 1952 ipsa
1030 1871 1328 1937 defendit
1375 1872 1684 1938 Cornelia
1728 1873 1975 1939 nullius
2023 1874 2287 1940 conscia
2335 1874 2603 1940 sceleris
2626 1894 2687 1941 v.
2717 1876 2833 1941 45:

679 1990 815 2056 Neo
858 2010 1004 2057 mea
1048 1996 1307 2057 mutata
1353 1999 1456 2059 est
1505 1997 1715 2074 aetaS,
1774 1993 1918 2059 sine
1963 1994 2234 2059 erimine
2280 1998 2426 2059 tota
2472 1998 2603 2059 est:

768 2093 1052 2162 viximus
1096 2094 1391 2178 insignes
1436 2094 1623 2160 inter
1673 2101 2019 2176 utramque
2065 2096 2294 2161 facem.

678 2196 774 2261 Mi
817 2201 1062 2262 natura
1110 2196 1293 2263 dedit
1335 2198 1519 2280 leges
1569 2218 1609 2262 a
1659 2199 1984 2281 sanguine
2030 2202 2264 2265 ductas

771 2318 891 2364 neo
933 2299 1145 2380 possis
1190 2300 1418 2364 melior
1462 2299 1701 2366 iudicis
1750 2320 1895 2366 esse
1940 2306 2133 2367 metu.

682 2402 1035 2486 Quaelibet
1066 2408 1368 2468 austeras
1417 2405 1496 2468 de
1542 2422 1645 2469 me
1690 2402 1869 2469 ferat
1911 2423 2079 2469 urna
2122 2404 2438 2471 tabellas:

528 2515 602 2571 50
768 2506 1025 2588 turpior
1071 2524 1334 2572 assessu
1379 2525 1516 2572 non·
1555 2506 1685 2574 erit
1733 2508 1871 2572 ulla
1915 2526 2072 2573 meo,

638 2644 1000 2723 Postquam
1047 2647 1132 2708 ad
1176 2644 1371 2709 finem
1422 2645 1612 2709 duxit
1652 2643 2112 2726 defensionem,
2158 2645 2364 2711 adicit
2403 2666 2465 2713 v.
2510 2646 2623 2710 99:

673 2781 892 2846 Causa
935 2786 1248 2863 perorata
1285 2787 1416 2847 est:
1462 2782 1696 2847 flentes
1742 2800 1845 2846 me
1891 2781 2147 2863 surgite
2192 2787 2419 2864 testeS,

779 2886 927 2949 dum
972 2883 1257 2964 pretium
1302 2884 1485 2950 vitae
1528 2889 1727 2967 grata
1772 2884 2078 2965 rependit
2120 2885 2369 2950 humus

672 2986 963 3051 Moribus
1024 2991 1092 3051 et
1150 2986 1404 3051 eaelum
1463 2986 1714 3067 patuit:
1778 2986 1905 3051 sim
1952 2986 2154 3069 digna
2215 2989 2521 3052 merendo

772 3088 958 3154 ouius
1004 3088 1340 3154 honoratis
1389 3108 1539 3155 ossa
1587 3090 1919 3156 vehantur
1965 3089 2170 3169 aquis.

639 3225 991 3309 Neminem,
1022 3226 1136 3306 qui
1165 3226 1502 3307 Propertii
1534 3226 1789 3308 elegias
1812 3225 2186 3310 perlegerit,
2217 3231 2475 3308 poetam
2506 3225 2825 3308 peritissi-

462 3347 641 3394 mum
671 3348 814 3394 esse
859 3329 1131 3410 effugiet
1160 3348 1378 3393 rerum
1410 3329 2014 3411 mythologioarum.
2045 3330 2280 3409 Itaque
2309 3328 2379 3394 in
2408 3330 2529 3394 hoc
2573 3347 2824 3410 quoque

462 3431 756 3497 carmine
818 3451 889 3497 se
941 3432 1338 3498 Graecorum
1399 3431 1741 3511 opiniones
1808 3432 2132 3513 mythicas
2192 3431 2455 3497 minime
2516 3430 2823 3513 ignorare

463 3534 789 3617 ostendit,
849 3553 993 3599 oum
1052 3534 1122 3599 in
1181 3553 1238 3601 v.
1301 3534 1399 3599 18.
1462 3538 1609 3598 aut
1669 3533 1895 3598 Ditem
1939 3537 2213 3614 patrem,
2273 3538 2422 3598 aut
2464 3535 2824 3599 Aeaeum

465 3636 918 3702 assidentibus
963 3636 1287 3702 fratribus
1332 3636 1712 3701 iudicantes
1761 3633 1998 3700 fecerit
2042 3638 2123 3700 de
2176 3636 2408 3700 umbra
2453 3635 2824 3717 Corneliae3

463 3738 670 3804 simili
713 3742 898 3804 modo
943 3739 1030 3821 II,
1089 3739 1203 3822 20,
1247 3739 1331 3804 30
1371 3738 1699 3821 Aeacum,
1744 3738 1883 3820 III,
1931 3738 2042 3820 19,
2085 3738 2169 3803 25
2214 3738 2499 3803 Minoem
2536 3738 2822 3804 nomina-

462 3845 679 3908 verat.
764 3842 1037 3907 Patrem
1068 3841 1238 3906 enim
1276 3841 1564 3906 hocloco
1599 3843 1877 3905 eundem
1922 3859 2066 3905 esse
2112 3858 2302 3921 quem
2346 3840 2661 3922 Aeschyli
2697 3842 2825 3903 Δία

463 3941 659 4006 ἄλλον
701 3951 816 4009 aut
859 3940 1084 4027 Ἅιδην,
1133 3942 1373 4009 Comici
1404 3941 1564 4006 θεὸν
1608 3940 1716 4005 τὸν
1759 3944 2021 4005 πάντων
2065 3940 2377 4028 δεσπότην
2418 3942 2459 4008 i.
2504 3962 2556 4008 e.
2601 3943 2821 4008 Ditem

463 4050 726 4127 patrem
771 4046 1000 4111 statim
1047 4050 1344 4128 apparet.
1403 4045 1651 4110 Minoia
1720 4045 1887 4110 sella
1933 4051 2152 4110 aut-em
2210 4049 2280 4110 et
2324 4044 2563 4110 Minois
2607 4048 2711 4111 est
2754 4049 2825 4110 et

462 4148 1040 4233 Rhadamanthi,¹)
1086 4148 1198 4230 qui
1242 4167 1376 4213 una
1421 4167 1565 4213 c-um
1597 4150 1819 4212 Aeaco
1857 4147 2085 4212 ferunt
2115 4146 2498 4212 sententias,
2563 4147 2822 4228 ltaque

646 4317 685 4387 1)
721 4317 862 4372 Vide
881 4317 1211 4372 Rothsteinii
1230 4334 1446 4371 oomm.:
1487 4317 1587 4370 “M.
1614 4332 1654 4370 s.
1684 4315 1912 4369 vei-tritt
1936 4316 2018 4369 als
2040 4315 2264 4369 kollekt.
2291 4314 2442 4384 Sing.
2468 4315 2554 4369 die
2577 4315 2822 4369 Richter·

463 4401 652 4456 stiihle
698 4403 790 4458 der
836 4403 1085 4456 beiden
1125 4403 1385 4456 Briider“.
1469 4401 1646 4455 Affert
1692 4417 1786 4469 pro
1841 4401 2075 4455 testibus
2110 4402 2386 4454 Remum
2421 4416 2516 4468 pro
2548 4400 2717 4454 Remo
2754 4407 2821 4455 et

2450 4485 2515 4537 6*
