3475 5118
643 340 725 414 72
1696 336 1758 390 L.
1795 336 1943 390 num
2418 306 2423 311 ’
2884 334 2997 424 [40

811 508 1248 574 Iulianum
1306 506 1584 588 denique
1635 512 1879 573 testem
1923 508 2282 590 audiamuS,
2339 506 2453 587 qui
2494 505 2562 571 in
2610 506 2997 574 convivii

640 626 701 693 p‘.
731 611 858 677 313
878 611 940 675 D
973 613 1097 689 (ed.
1128 609 1518 696 Hertlein)¹)
1563 610 1836 676 exhibet
1864 610 2057 676 haee:
2101 611 2353 684 τούτοις
2382 608 2546 692 (scil.
2577 609 2717 675 deis
2745 609 2817 674 in
2848 628 2996 675 oon-

639 713 817 781 Vivio
849 711 1415 798 conversantibus)
1458 705 1917 797 ἐπεισέδραμεν
1949 709 2336 797 Αὖρηλιανὸς
2381 711 2599 797 ὥσπερ
2646 708 2998 798 ἀποδιδρά-

641 832 809 878 σκων
864 814 1014 890 τοὺς
1073 811 1399 898 εἴργοντας
1438 812 1625 878 αὐτὸν
1683 813 1869 899 παρὰ
1932 823 2022 897 τῷ
2063 814 2249 898 Μίνῳ
2275 838 2288 854 ·
2348 812 2590 877 πολλαὶ
2647 812 2769 897 γὰρ
2828 812 2999 897 αὐτῷ

642 919 1007 992 συνίσταντο
1039 915 1215 980 δίκαι
1241 926 1368 980 τῶν
1398 915 1638 981 ἀδίκων
1683 915 1916 1002 φόνων,
1947 917 2055 981 καὶ
2086 913 2313 1001 ἔφευγε
2353 915 2470 992 τὰς
2497 916 2756 1003 γραφὰς
2784 927 3000 992 κακῶς

641 1019 1174 1101 ἀπολογούμενος.
1215 1020 1401 1103 Quod
1424 1020 1596 1086 enim
1619 1039 1660 1086 a
1682 1021 1903 1086 Minoe
1924 1020 2195 1104 petitur,
2218 1025 2294 1086 ut
2316 1024 2544 1086 arceat
2567 1020 2999 1086 Aurelianum

641 1142 691 1189 a>
724 1122 1039 1205 conviviS,
1099 1122 1284 1187 illum
1339 1123 1637 1188 iudiciali
1696 1125 1972 1204 quodam
2036 1142 2305 1189 munere
2363 1125 2487 1189 hoo
2548 1142 2801 1206 quoque
2858 1123 3000 1189 loco

641 1225 832 1308 fungi
876 1227 1301 1292 statuendum
1346 1231 1464 1291 est.

812 1362 1252 1444 Exspectares
1324 1361 1640 1427 titulos
1714 1361 2257 1443 sepulcrales
2328 1361 2763 1443 posteriorum
2836 1366 2999 1427 tem·

642 1484 869 1548 porum
912 1464 1100 1530 nobis
1146 1463 1402 1530 futuros
1440 1483 1585 1530 esse
1624 1463 1788 1529 usui.
1877 1463 2004 1529 Sed
2034 1463 2284 1547 mirum,
2328 1483 2524 1555 quam
2562 1482 2775 1545 pauca
2820 1468 2887 1529 et
2930 1464 3001 1530 in

643 1572 838 1634 tanta
862 1566 1403 1649 epigrammatum
1420 1566 1751 1633 varietate
1769 1569 2036 1632 exstent
2051 1565 2277 1632 iudicii
2300 1566 2586 1648 supremi
2604 1566 2999 1634 testimonia.

644 1670 753 1735 Ita
791 1670 1336 1735 Rhadamanthus
1392 1669 1722 1735 interdum
1768 1674 2321 1752 commemoratur,
2381 1671 2497 1734 sed
2541 1688 2687 1735 eum
2732 1669 3000 1735 defune-

642 1777 860 1838 torum
905 1790 1047 1837 esse
1111 1771 1435 1837 arbitrum
1490 1772 1596 1839 his
1654 1772 1817 1837 locis
1862 1789 1991 1837 non
2051 1771 2493 1854 cognoscitur3
2554 1776 2630 1837 ut
2676 1776 2781 1837 est
2827 1773 3002 1854 apud

643 1874 863 1969 Kaib
881 1873 1137 1940 elium
1196 1873 1400 1956 epigr.
1477 1874 1587 1940 Gr.
1654 1876 1781 1940 452
1849 1874 1999 1958 (III.
2066 1872 2288 1958 saeo.):
2349 1872 2460 1936 καὶ
2523 1872 2772 1956 ψυχὰς,
2802 1873 3001 1957 προῦ-

644 1995 898 2060 πεμπε,
971 1975 1087 2040 ὅθι
1155 1962 1450 2063 ξ[α]νθὸς
1525 1973 1968 2057 Ῥαδάμανθυς
1991 1977 2042 2062 ²)
2087 1981 2154 2042 et
2195 1977 2363 2042 1046
2408 1980 2480 2060 (S.
2511 1976 2597 2042 H.
2627 1997 2690 2058 p.
2725 1977 2872 2042 Chr.
2898 1976 3002 2062 n.),

644 2079 760 2148 ubi
803 2079 974 2145 idem
1020 2081 1361 2145 beatorum
1398 2098 1517 2145 rex
1575 2098 1718 2145 esse
1763 2084 2041 2161 putatur
2083 2099 2142 2147 v.
2189 2081 2303 2144 47:
2348 2077 2525 2163 ψυχὴ
2571 2078 2641 2143 δὲ
2686 2087 3004 2165 σκῆπτρον

642 2176 1119 2263 Ῥαδαμάνθυος
1158 2180 1603 2266 ἀμφιπολεύει.
1690 2181 2005 2249 Fortasse
2051 2181 2230 2246 aliud
2275 2201 2537 2247 carmen
2581 2182 2798 2266 (Kaib.
2857 2182 3003 2265 514,

644 2270 692 2350 s.
722 2285 774 2351 I.
796 2284 934 2351 fere
953 2304 1012 2349 a.
1036 2285 1183 2350 Chr.
1206 2304 1268 2350 n.
1292 2285 1632 2369 scriptum)
1662 2283 1733 2349 in
1757 2288 2052 2350 nostrum
2077 2303 2265 2350 usum
2291 2284 2605 2350 adhibere
2629 2302 3002 2365 possumus:

939 2419 1227 2496 Ἀδίστας
1268 2420 1638 2506 Μενέδημος
1681 2417 1789 2505 ἔην
1830 2420 2056 2495 πόσις·
2095 2420 2284 2505 ἥρσσε
2325 2417 2384 2484 δ’
2429 2419 2675 2507 αὐ[τ]άν

1050 2524 1388 2603 Βούτιχσς·
1431 2520 1634 2609 Αἰανὴ
1679 2524 1889 2609 κρύψε
1931 2522 2541 2611 κ[α]ταφθι[μέ]ναν,

947 2628 1117 2690 τίκτε
1157 2624 1215 2690 δ’
1261 2620 1350 2690 ἐνὶ
1392 2625 1700 2712 κλ[άρ]σις
1742 2629 2130 2712 Κερκείνισν·
2178 2624 2319 2709 ἐγδὲ
2361 2626 2693 2691 Φιλίππου

1053 2727 1197 2793 υἱοῦ
1237 2740 1367 2792 τῶν
1410 2728 1600 2793 ὁσίων
1644 2727 1936 2793 ἀντιάσεν
1978 2732 2266 2816 κτερέων.

868 2844 902 2898 5
943 2836 1164 2918 τοίγαρ
1208 2840 1275 2896 K
1277 2830 2057 2919 [ρ]ηταιεῑ[“Ρ]αδαμάνθυι
2099 2844 2283 2897 τοῦτο
2327 2832 2484 2918 παρ’
2515 2828 2689 2917 Ἅιδᾳ

1052 2928 1299 3019 εἶ[π]εν,
1345 2934 1434 2999 ὅτ’
1483 2933 1818 3023 ὠδ[ε]ίνων
1863 2935 2104 3011 παιδὸς
2148 2932 2280 3015 ἔχει
2324 2937 2606 3021 χάριτας.

815 3072 983 3136 Nam
1038 3073 1115 3137 si.
1157 3072 1661 3138 Rhadamantho
1735 3074 1808 3138 in
1868 3072 2033 3138 Oroo
2111 3073 2444 3139 habitanti
2512 3072 2817 3140 narravit
2884 3072 3003 3138 illa

643 3173 879 3239 mulier
941 3192 1013 3239 se
1068 3179 1341 3256 propter
1398 3174 1673 3240 inferias
1731 3194 1772 3239 a
1817 3174 1951 3240 filio
2012 3175 2359 3241 institutas
2422 3176 2781 3259 doloribus,
2842 3193 3001 3256 quos

643 3295 957 3358 perpessa
1002 3282 1179 3343 esset
1210 3278 1278 3342 in
1308 3277 1669 3360 puerperio,
1714 3296 1888 3342 nuno
1931 3279 2177 3343 habere
2223 3279 2495 3362 gratias,
2539 3279 2760 3344 nescio
2791 3297 2877 3344 an
2906 3278 3001 3344 sic

645 3377 1076 3460 interpretari
1133 3379 1335 3446 liceat
1394 3380 1558 3445 haec
1616 3380 1839 3462 verba,
1898 3385 1975 3445 ut
2017 3387 2228 3447 mater
2271 3380 2476 3446 filium
2523 3383 2696 3463 apud
2739 3382 3001 3447 Rhada-

644 3482 977 3546 manthum
1038 3482 1264 3573 laudet
1318 3483 1536 3563 eique·
1565 3483 1969 3548 commendet
2016 3482 2349 3567 effectura,
2417 3488 2493 3548 ut
2546 3483 2660 3549 ille
2706 3488 3000 3549 mortuus

645 3582 908 3649 fruatur
951 3584 1187 3651 iudicis
1237 3585 1597 3650 elementia.

817 3703 1075 3768 Addam
1117 3708 1467 3786 praeterea
1524 3704 1719 3769 Kaib.
1765 3723 1825 3769 n.
1887 3705 2013 3770 215
2074 3704 2149 3789 (I.
2193 3707 2333 3770 fere
2378 3724 2440 3786 p.
2486 3705 2632 3770 Chr.
2678 3723 2740 3770 n.
2784 3701 3000 3788 saed).

815 3820 1049 3906 ἤλυθες
1089 3822 1181 3899 εἰς
1215 3822 1419 3909 Ἀΐδην
1463 3821 1840 3908 ζητούμενος
1890 3820 1988 3900 οῖς
2034 3822 2415 3899 ἀπέλειπες·

953 3935 1119 3988 πᾶσι
1162 3924 1283 4009 γὰρ
1329 3924 1616 4011 ἀλγηδὼν
1661 3925 1898 4002 ἐσθλός
1943 3925 2391 4009 ἀποιχόμενος.

820 4062 859 4131 ¹)
896 4061 1036 4116 Vide
1071 4061 1310 4116 eiusdem
1345 4061 1470 4117 libri
1504 4079 1555 4130 p.
1580 4063 1682 4117 312
1696 4064 1763 4132 D,
1799 4063 1895 4118 ubi
1918 4064 2091 4118 Minos
2126 4058 2467 4130 παιδαρίδισν
2500 4060 2773 4131 νεώτερον
2807 4061 3002 4132 ἀφῆκε,

642 4146 743 4200 τὸν
778 4144 836 4198 δὲ
868 4143 1245 4217 πρεσβύτερον
1278 4151 1544 4213 τιμωρίαν
1592 4149 1800 4217 ἔπεμψε
1844 4153 2068 4200 τίσοντα
2116 4153 2172 4204 et
2206 4148 2388 4215 315D,
2425 4148 2521 4202 ubi
2555 4147 2688 4203 Dice
2736 4154 2793 4202 et
2828 4147 3001 4202 Minos

646 4250 735 4288 eos
769 4233 978 4288 intrare
1011 4232 1314 4302 prohibent,
1352 4233 1447 4301 qui
1480 4233 1698 4302 indigni
1734 4240 1866 4289 sunt
1899 4234 2167 4290 iustorum
2204 4235 2417 4288 honore.

818 4319 859 4387 ⁹)
896 4319 1228 4373 translatum
1265 4335 1333 4373 ex
1367 4318 1464 4373 Od.
1500 4318 1596 4388 IV,
1632 4319 1753 4373 564.
