3475 5118
422 443 531 530 57]
1251 441 1333 496 De
1368 445 1703 495 mortuorum
1741 440 1939 495 iudicio
2691 441 2775 507 89

662 614 805 678 Has
850 611 1029 677 inter
1071 610 1317 677 formas
1362 610 1600 677 coniux
1643 611 1914 676 Iunonis
1958 612 2266 680 Avernae

664 719 985 798 suggestu
1029 714 1346 796 residem,
1392 714 1727 797 cognoscit
1772 713 2048 779 crimina
2093 714 2397 798 regum.¹)

664 817 864 883 Stant
906 816 1219 899 vincti,
1263 835 1540 898 seroque
1584 817 1775 899 piget
1816 818 1938 883 sub
1983 817 2200 882 iudice
2246 817 2495 898 culpae.

666 920 926 987 Circum
971 924 1204 986 errant
1246 919 1495 985 Furiae
1539 920 2037 1001 Poenarumque
2081 919 2290 986 omnis
2336 919 2571 1002 imago,

585 1023 796 1089 Paulo
822 1028 979 1088 ante
1001 1023 1552 1088 Rhadamanthus
1576 1028 2116 1089 commemoratur
2131 1022 2215 1107 (v.
2231 1022 2383 1107 543)
2407 1043 2536 1089 non
2557 1022 2772 1107 iudex,

419 1129 535 1192 sed
578 1125 896 1208 puniendi
942 1144 1208 1191 munere
1252 1124 1605 1210 ornatus.²)

587 1229 805 1311 Reges
836 1228 1092 1296 vinctos
1119 1231 1472 1295 observare
1502 1247 1741 1310 operae
1770 1227 2051 1309 pretium
2085 1232 2205 1311 est,
2237 1228 2394 1309 quia
2420 1227 2773 1311 LucianuS,

417 1336 495 1397 ut
537 1331 837 1415 vidimus
882 1331 1041 1396 item
1074 1330 1330 1397 animas
1377 1336 1617 1397 catena
1662 1331 1987 1413 religatas
2026 1330 2377 1413 descripsit
2421 1331 2617 1415 (Men.
2650 1330 2774 1416 11).

415 1434 519 1500 De
562 1433 787 1500 Furiis
831 1433 1000 1499 nihil
1042 1434 1198 1501 novi
1241 1437 1612 1501 addendum
1658 1439 1776 1500 est.

590 1589 696 1654 Ad
770 1589 1052 1654 alterum
1125 1587 1307 1654 illius
1383 1588 1630 1654 aetatis
1703 1593 1965 1670 poetam
2024 1588 2279 1670 epicum
2352 1594 2775 1655 transeamus

418 1690 821 1773 Statium,
867 1691 980 1771 qui
1024 1692 1079 1755 T
1102 1691 1147 1756 h
1171 1691 1533 1757 ebaidos
1578 1691 1693 1774 IV,
1737 1693 1865 1757 525
1911 1709 2048 1773 sqq.
2092 1693 2322 1758 Manto
2352 1696 2576 1758 vatem
2608 1690 2776 1757 facit

420 1792 847 1859 disserentem
865 1818 878 1858 z

623 1914 846 1995 Ipsum
892 1915 1248 1995 pallentem
1294 1913 1454 1980 solio
1501 1914 1877 1996 circumque
1919 1914 2259 1981 ministras

622 2015 1030 2082 funestorum
1075 2036 1343 2099 operum
1386 2017 1789 2083 Eumenides
1825 2016 2231 2100 Stygiaeque
2275 2035 2539 2083 severos

622 2118 892 2185 Iunonis
935 2120 1263 2186 thalamos
1309 2125 1377 2185 et
1419 2125 1615 2186 torva
1659 2120 1909 2185 cubilia
1954 2138 2165 2186 cerno.

620 2221 702 2286 In
746 2222 1030 2302 speculis
1076 2224 1254 2289 Mors
1301 2228 1452 2289 atra
1494 2226 1682 2289 sedet
1727 2222 2133 2305 dominisque
2179 2221 2451 2288 silentes

623 2326 1015 2391 adnumerat
1059 2326 1361 2407 populos3
1405 2326 1616 2392 maior
1658 2326 2156 2408 superimminet
2199 2328 2373 2391 ordo.

476 2435 579 2490 530
623 2426 895 2493 Arbiter
937 2427 1056 2493 hos
1104 2431 1269 2494 dura
1313 2434 1543 2495 versat
1585 2428 1946 2512 Gortynius
1990 2447 2157 2494 urna

623 2547 784 2596 vera
828 2529 1024 2596 minis
1072 2549 1345 2614 poscens
1391 2531 1735 2616 adigitque
1782 2550 2161 2615 expromere
2204 2530 2385 2600 vitas

622 2651 830 2714 usque
874 2638 1052 2700 retro
1099 2640 1167 2701 et
1208 2638 1479 2702 tandem
1523 2655 1880 2718 poenarum
1922 2636 2110 2702 lucra
2153 2635 2374 2701 fateri.

590 2768 842 2836 Ibidem
890 2771 1074 2854 VIII,
1118 2774 1198 2838 21
1247 2791 1385 2854 sqq.
1430 2778 1628 2855 poeta
1672 2773 2031 2839 inferorum
2076 2771 2312 2853 pandit
2354 2770 2702 2854 mysteria:

625 2889 826 2956 Forte
870 2894 1104 2957 sedens
1147 2892 1363 2958 media
1408 2892 1598 2975 regni
1643 2892 1928 2958 infelicis
1974 2892 2044 2957 in
2089 2910 2242 2957 arce

624 2994 758 3059 dux
800 2993 1006 3060 Erebi
1048 2994 1317 3076 populos
1354 2996 1671 3076 poscebat
1713 2995 1990 3060 crimina
2035 2995 2221 3061 vitae

622 3095 720 3161 nil
762 3096 1092 3163 hominum
1136 3097 1458 3164 miserans
1502 3097 1845 3179 iratusque
1888 3097 2186 3164 omnibus
2230 3095 2497 3163 umbris

625 3199 823 3265 Stant
864 3199 1114 3266 Furiae
1159 3200 1404 3266 circum
1449 3201 1811 3282 variaeque
1857 3220 1936 3267 ex
1982 3200 2210 3267 ordine
2254 3200 2503 3265 Mortes

506 3311 574 3366 25
617 3320 949 3383 saevaque
992 3304 1378 3369 multisonas
1425 3309 1688 3370 exertat
1730 3304 1954 3370 Poena
2000 3309 2291 3369 catenas,

624 3403 803 3470 Fata
847 3411 1078 3471 serunt
1097 3406 1143 3489 ⁸)
1192 3406 1447 3471 animas
1492 3411 1559 3472 et
1588 3409 1814 3473 eodem
1843 3406 2080 3488 pollice
2126 3409 2464 3472 damnant.

625 3506 857 3574 Vincit
900 3527 1078 3590 opus,
1123 3508 1324 3574 quta
1368 3508 1585 3575 Minos
1630 3528 1775 3574 cum
1818 3508 2032 3574 fratre
2074 3510 2363 3575 verendo

626 3609 775 3675 iura
819 3611 1030 3676 bonus
1073 3610 1347 3677 meliora
1392 3616 1614 3677 monet
1655 3629 2007 3694 regemque
2052 3615 2392 3676 cruentum

623 3716 981 3795 temperat3
1031 3714 1369 3780 adsistunt
1410 3713 1705 3780 lacrimis
1751 3719 1952 3795 atque
1995 3713 2150 3796 igne
2193 3717 2524 3779 tumentes

519 3823 590 3878 30
631 3814 924 3898 Cocytos
968 3817 1509 3899 Phlegethonque
1553 3822 1622 3883 et
1664 3817 1832 3899 Styx
1874 3816 2169 3898 periuria
2213 3816 2440 3883 divum

626 3917 852 4000 arguit
888 3968 902 3982 .
947 3970 963 3984 .

598 4087 639 4153 1)
674 4088 835 4157 Apud
872 4088 1248 4143 Hesiodum
1285 4104 1495 4157 quoque
1532 4105 1615 4157 op.
1651 4088 1753 4142 261
1790 4103 1991 4157 reges
2038 4086 2299 4156 puniendi
2333 4085 2705 4141 inveniuntur.

593 4171 636 4242 ⁹)
671 4172 858 4241 Neque
894 4173 1002 4228 scio
1038 4190 1109 4229 an
1143 4174 1253 4228 iam
1287 4174 1346 4229 in
1381 4190 1434 4229 v.
1472 4174 1575 4227 542
1588 4190 1666 4242 sq.
1704 4174 1771 4228 de
1805 4173 2005 4228 iudicio
2052 4172 2327 4242 cogitetur
2372 4169 2615 4240 populi
2658 4185 2773 4240 pe·

420 4272 615 4313 casse
649 4258 983 4328 fatentis,
1020 4275 1140 4313 cum
1177 4259 1244 4314 de
1278 4259 1570 4329 regibus
1604 4276 1656 4314 v.
1692 4259 2039 4313 60210ratur
2073 4257 2363 4312 sententia.

595 4341 638 4411 8)
675 4347 869 4398 serunt
900 4344 949 4399 G
982 4345 1113 4399 Beh.
1150 4345 1201 4398 R
1236 4346 1397 4400 schol.
1434 4343 1605 4399 Paris.
1631 4345 1700 4398 ad
1735 4360 1787 4399 v.
1825 4344 1920 4413 923
1953 4343 2148 4412 ferunt
2178 4342 2362 4397 PBG²
2396 4342 2489 4396 SM
2523 4341 2774 4410 (adnotat

418 4427 830 4499 Kohlmanuus).
