3475 5118
531 358 642 448 37]
1358 363 1442 417 De
1480 367 1814 417 mortuorum
1849 362 2048 417 iudicio
2800 346 2884 432 69

529 532 660 598 Cur
704 536 926 598 autem
971 533 1164 613 plura
1205 551 1336 598 non
1383 537 1646 598 exstent
1694 534 2092 616 testimonia,
2138 554 2173 600 e
2243 534 2478 615 quibus
2524 534 2886 602 animarum

527 639 678 717 post
717 639 990 700 mortem
1036 634 1448 701 condiciones
1493 636 1724 701 melius
1758 641 2258 720 cognoscantur,
2299 637 2734 718 pulcherrime
2762 638 2885 704 Er-

528 738 723 805 vinus
756 737 984 802 Rohde
1013 737 1086 802 II
1114 756 1172 818 p.
1204 739 1329 803 232
1349 757 1442 819 sq.
1476 738 1881 820 explanavit,
1928 758 2071 804 cum
2104 744 2461 821 exponeret
2490 741 2884 823 Aeschylum

528 839 782 906 omnino
827 839 958 905 sibi
1001 838 1270 905 finxisse
1314 841 1646 906 rarissime
1708 840 2148 924 cogitationes
2209 843 2288 907 de
2333 842 2448 925 eis,
2508 862 2677 923 quae
2735 850 2884 925 post

526 948 796 1009 mortem
840 946 1074 1025 essent,
1120 947 1319 1023 atque
1357 942 1692 1024 opiniones
1722 946 1804 1009 de
1849 943 2216 1009 animarum
2261 950 2505 1010 natura
2533 945 2883 1026 protulisse

527 1045 708 1111 inter
749 1064 821 1111 se
852 1044 1348 1113 diversissimas,

698 1216 1165 1297 Sophocle-s
1213 1215 1451 1281 deinde
1488 1216 1775 1297 propriis
1819 1217 2164 1298 planisque
2203 1217 2424 1285 verbis
2454 1237 2770 1299 nusquam
2802 1221 2883 1285 de

526 1322 926 1384 mortuorum
963 1318 1203 1383 iudicio
1235 1318 1593 1402 loquitur.¹)
1663 1319 1883 1401 Quare
1915 1323 2000 1385 ad
2043 1320 2541 1401 Euripidem
2586 1326 2880 1388 transea-

526 1440 687 1503 mUS,
732 1420 918 1486 cuius
963 1420 1372 1502 Melanippes
1417 1420 1542 1503 frg.
1574 1423 1700 1488 506
1748 1421 1829 1505 (N
1852 1423 1902 1506 2)
1933 1423 2110 1488 haud
2154 1423 2285 1489 scio
2331 1442 2416 1490 an
2463 1425 2730 1506 dignum
2776 1424 2881 1508 sit,

528 1527 698 1604 quod
743 1523 1166 1590 adhibeatur:

936 1657 1179 1723 δοκεῖτε
1221 1657 1435 1745 πηδᾶν
1475 1658 1850 1746 τάδικήματ’
1894 1659 1987 1737 εἰς
2029 1661 2223 1736 θεοὺς

934 1772 1250 1848 πτεροῖσι,
1295 1761 1550 1826 κᾶπειτ’
1596 1761 1660 1826 ἐν
1704 1761 1864 1840 Διὸς
1908 1761 2129 1827 δέλτου
2173 1774 2450 1842 πτυχαῖς

933 1867 1207 1950 γράφειν
1249 1865 1367 1929 τιν’
1413 1864 1593 1938 αὐτά,
1637 1873 1807 1951 Ζῆνα
1853 1864 1911 1928 δ’
1957 1864 2305 1948 εἷσορῶντά
2347 1888 2443 1930 νιν

932 1970 1200 2054 θνητοῖς
1242 1965 1522 2047 δικάζειν
1533 1991 1556 2041 ,·
1603 1966 1737 2032 οὐδ’
1785 1966 1820 2031 ὃ
1863 1979 1999 2043 πᾶς
2042 1969 2122 2032 ἂν
2169 1968 2430 2053 οὐρανὸς

860 2083 894 2136 5
929 2069 1089 2147 Διὸς
1123 2072 1483 2155 γράφοντος
1525 2071 1642 2147 τὰς
1677 2075 1924 2156 βροτῶν
1970 2069 2283 2158 ἁμαρτίας

936 2169 1330 2258 ἐξαρκέσειεν
1373 2173 1507 2238 οὐδ’
1550 2168 1788 2249 ἐκεῖνος
1832 2174 1908 2238 ἂν
1952 2184 2215 2237 σκοπῶν

930 2280 1217 2359 πέμπειν
1262 2276 1507 2362 ἑκάστῳ
1557 2276 1804 2361 ζημίαν.

694 2414 944 2480 Horum
1004 2414 1174 2480 enim
1221 2434 1526 2481 versuum
1587 2414 1963 2481 testimonio
2023 2414 2123 2480 uti
2184 2414 2421 2481 liceret
2478 2417 2563 2481 ad
2611 2416 2879 2482 “demon-

523 2519 860 2585 strandam
904 2517 1036 2585 vim
1081 2518 1557 2584 sententiarum
1619 2520 1699 2584 de
1746 2536 2044 2600 supremo
2101 2517 2343 2585 iudicio
2404 2524 2880 2603 conceptarum,

523 2620 583 2686 si
618 2624 802 2687 modo
833 2621 991 2687 illuc
1023 2625 1245 2687 essent
1273 2621 1619 2687 referendi.
1707 2622 1802 2687 At
1832 2623 2027 2690 valde
2060 2622 2305 2705 dubito,
2351 2641 2503 2687 num
2548 2628 2745 2704 poeta
2775 2622 2879 2689 his

514 2724 741 2791 verbis
805 2726 886 2790 de
931 2725 1234 2791 ultimo
1280 2728 1451 2806 quod
1498 2725 1726 2791 dicunt
1770 2724 2015 2790 iudicio
2061 2725 2477 2807 cogitaverit.
2566 2727 2768 2791 Immo
2810 2725 2880 2791 in

1092 2892 1206 2947 οὔτ’
1241 2888 1341 2947 οὖν
1376 2909 1715 2964 κακουργεῖν·
1755 2892 2066 2966 ἄμφιδεξίης
2105 2897 2209 2958 ἔχει

656 3045 663 3050 ἡ
1088 2983 1170 3045 τῷ
1204 2980 1339 3046 μήτε
1373 2985 1578 3048 χαίρειν
1613 2980 1747 3046 μήτε
1783 2973 2074 3033 λυπεῖσθαι
2109 2981 2357 3050 βροτούς’

522 3073 580 3122 et
604 3084 653 3134 q.
680 3084 721 3121 S.
760 3067 1019 3122 Similiter
1038 3069 1130 3122 Ro
1144 3069 1312 3122 hdiu
1326 3085 1351 3122 s
1377 3068 1446 3136 (p.
1473 3068 1622 3137 232);
1650 3068 1779 3121 ‘Das
1804 3069 1841 3123 J
1843 3068 2046 3123 enseits
2065 3068 2141 3123 ist
2163 3068 2221 3122 in
2246 3068 2341 3123 der
2365 3070 2535 3123 Kette
2554 3068 2728 3123 dieser
2745 3069 2878 3123 Vor-

521 3153 834 3221 stellungeu
858 3153 970 3207 und
995 3153 1179 3207 Bilder
1203 3154 1358 3208 nicht
1381 3154 1469 3208 ein
1494 3154 1968 3208 unentbehrliches
2004 3154 2162 3209 Glied
2184 3197 2195 3208 .
2219 3196 2230 3207 .
2253 3155 2349 3208 auf
2373 3155 2469 3209 das
2494 3154 2719 3208 Gericht
2741 3154 2879 3208 wird

520 3237 798 3293 bisweilen
835 3239 1209 3308 hingedeutet.
1283 3240 1427 3293 Aber
1452 3256 1508 3293 es
1532 3239 1706 3294 bleibt
1728 3239 1813 3294 bei
1842 3240 2084 3294 dunklen
2108 3240 2533 3310 Andeutungen,
2570 3240 2681 3294 und
2704 3240 2879 3295 neben

520 3324 704 3383 diesen
738 3325 1171 3393 Hindeutungen
1209 3325 1304 3379 auf
1337 3326 1827 3396 Rechtsprechung
1872 3325 1931 3380 in
1968 3326 2063 3380 der
2097 3326 2421 3394 Unterwelt,
2458 3325 2545 3379 die
2584 3325 2673 3379 ein
2708 3326 2878 3381 volles

521 3410 845 3480 Empfinden
899 3411 993 3465 der
1030 3411 1203 3465 Toten
1255 3416 1666 3479 voraussetzen,
1716 3410 1859 3466 fehlt
1906 3427 1963 3465 es
2016 3412 2170 3466 nicht
2221 3427 2291 3465 an
2342 3411 2738 3481 Ausspriichen‚
2792 3412 2879 3466 die

520 3495 946 3564 Vorstellungen
993 3513 1099 3551 von
1146 3496 1321 3550 einem
1374 3496 1715 3565 gefiihllosen
1752 3496 2164 3551 Dammerleben
2224 3496 2317 3549 der
2367 3496 2515 3550 Seele
2568 3495 2644 3548 im
2694 3497 2878 3551 Hades

518 3581 870 3635 hervorrufen
907 3623 920 3636 .
959 3624 970 3635 .
1007 3583 1365 3648 Konsequenz
1401 3581 1458 3635 in
1484 3582 1666 3635 diesen
1691 3581 1912 3650 Dingen
1945 3581 2072 3635 darf
2090 3597 2218 3635 man
2254 3581 2389 3635 eben
2414 3580 2501 3635 bei
2526 3580 2702 3635 einem
2725 3582 2878 3636 nicht

517 3666 923 3735 theologischen
960 3667 1186 3721 Dichter
1220 3667 1372 3721 nicht
1409 3666 1642 3720 suchen’.

696 3751 736 3820 1)
771 3751 913 3807 Vide
936 3752 1207 3806 Rohdium
1232 3753 1293 3805 II
1316 3769 1367 3820 p.
1393 3752 1496 3805 233
1509 3768 1615 3820 sq.;
1653 3752 2123 3806 Iwanowitschius
2149 3752 2282 3806 dicit
2305 3769 2356 3820 p.
2382 3751 2478 3805 51:
2506 3752 2719 3821 ‘(Soph.)
2745 3794 2757 3807 .
2776 3794 2789 3807 .
2808 3768 2876 3807 ne

517 3853 721 3905 poenae
737 3837 954 3904 quidem
967 3838 1367 3906 persuasionem
1382 3837 1441 3891 in
1461 3837 1698 3891 medium
1720 3838 1961 3905 profert.
1985 3880 1996 3891 .
2018 3839 2188 3891 Immo
2207 3838 2302 3892 ubi
2323 3837 2584 3892 eiusmodi
2609 3838 2878 3907 significa-

517 3921 721 3977 tionem
758 3928 1136 3991 exspectamus
1173 3924 1479 3992 quaerendo
1516 3923 1896 3977 destituimur:
1933 3940 2041 3978 non
2077 3924 2222 3977 enim
2251 3930 2376 3991 post
2399 3929 2627 3978 mortem
2651 3939 2877 3992 poenam

517 4007 783 4062 Tiresiam
805 4008 1025 4063 Creonti
1059 4025 1154 4077 pro
1172 4008 1375 4063 iniuria
1396 4008 1707 4076 Antigonae
1727 4013 1784 4062 et
1802 4008 2045 4075 Polynici
2063 4008 2223 4063 illata
2241 4013 2547 4078 negatoque
2566 4007 2649 4062 dis
2685 4007 2876 4062 inseris

515 4092 713 4148 honore
739 4094 833 4147 sed
848 4093 1003 4148 brevi
1012 4094 1279 4161 praedicit
1302 4094 1615 4148 solvendam
1636 4093 1848 4162 (Antig.
1870 4093 2006 4146 1064
2019 4094 2155 4161 sqq.)
2175 4098 2342 4161 atque
2365 4093 2697 4147 Philoctetes
2721 4108 2876 4161 supe-

517 4194 697 4232 rorum
733 4178 1075 4233 carnificibus
1112 4179 1224 4233 suis
1248 4179 1385 4233 iram
1410 4178 1699 4246 imprecari
1739 4179 1960 4232 deorum
1984 4178 2119 4232 satis
2143 4178 2310 4232 habet
2344 4178 2506 4247 (Phil.
2530 4178 2633 4231 315
2646 4178 2745 4247 sq.)
2771 4220 2783 4232 .
2810 4219 2822 4232 .
2844 4178 2875 4233 .'

448 4324 453 4328 .
518 4267 576 4317 et
607 4280 659 4331 p.
696 4263 789 4317 63:
840 4264 1225 4318 ‘Praemiorum
1273 4269 1456 4318 autem
1493 4268 1615 4332 post
1650 4269 1879 4317 mortem
1927 4264 2074 4332 apud
2109 4263 2419 4331 Sophoclem
2453 4264 2621 4317 ullam
2658 4269 2874 4319 exstare

517 4348 818 4416 opinionem
853 4364 961 4403 non
995 4355 1176 4417 potest
1212 4355 1476 4417 quantum
1512 4348 1678 4403 sciam
1717 4348 2110 4404 demonstrari’.
2147 4413 2156 4420 .
