3475 5118
743 418 828 483 48
1795 415 1859 469 L.
1895 415 2043 469 Ruhl
2985 415 3095 502 [15

743 588 1015 654 finxisse
1074 591 1147 653 ut
1197 588 1649 669 demonstrem,
1701 585 1980 668 primum
2037 586 2246 652 locum
2307 585 2577 652 afferam
2638 605 2679 652 a
2738 586 3093 653 Iamblicho

743 691 931 757 vitae
989 690 1414 772 Pythagorae
1486 707 1538 754 c.
1611 689 1696 753 29
1753 688 1929 773 (155)
2002 688 2349 754 insertum:
2429 687 2654 769 πολλῷ
2712 685 2783 751 δὲ
2853 688 3094 769 μᾶλλον

745 790 1119 855 ἀδικεῖσθαι
1192 789 1372 855 ὅσιον
1449 784 1612 854 εἶναι
1684 790 1869 873 λέγε
1885 813 1911 853 ι
1976 790 2135 874 (scil.
2197 788 2232 853 ὃ
2290 789 2704 874 Πυθαγόρας)
2749 785 2788 872 ἢ
2834 793 3096 855 κτείνειν

745 893 1128 981 ἄνθρωπον·
1193 888 1270 957 ἐν
1327 891 1534 978 ᾅδου
1599 892 1750 978 γὰρ
1817 895 2168 956 κεῖσθαι
2232 895 2538 979 κρίσιν·
2617 888 3096 976 ἐκλογιζόμενος

740 997 859 1073 τὰς
898 997 1053 1081 περὶ
1086 996 1191 1081 τὴν
1231 995 1443 1081 ψυχὴν
1484 996 1594 1059 καὶ
1634 995 1743 1080 τὴν
1788 995 2006 1060 οὐσίαν
2048 995 2235 1080 αὐτῆς
2276 995 2386 1081 τὴν
2426 999 2685 1082 πρώτην
2726 1008 2851 1060 τῶν
2897 995 3091 1060 ὄντων

744 1102 970 1185 φύσεις
1015 1105 1083 1166 et
1126 1100 1322 1181 paulo
1365 1100 1543 1165 infra
1588 1120 1639 1164 e.
1671 1100 1756 1166 30
1787 1099 1996 1184 (179):
2041 1098 2151 1162 καὶ
2194 1097 2388 1185 ἄλλην
2432 1097 2503 1162 δὲ
2545 1098 2832 1180 μέθοδον
2877 1098 3096 1183 ἀνεῦρε

740 1212 852 1266 τοῦ
918 1201 1318 1266 ἀναστέλλειν
1381 1201 1529 1278 τοὺς
1600 1200 1990 1286 ἀνθρώπους
2054 1200 2188 1264 ἀπὸ
2242 1210 2350 1286 τῆς
2408 1198 2691 1281 ἀδικίας,
2754 1200 2792 1265 δ
2813 1202 2896 1266 ιὰ
2959 1212 3097 1288 τῆς

744 1308 1100 1391 κρίσεως
1149 1315 1299 1368 τῶν
1353 1314 1671 1387 ψυχῶν,
1741 1300 1931 1379 εἰδὼς
1989 1303 2107 1385 μὲν
2165 1302 2429 1390 ἀληθῶς
2484 1305 2709 1391 ταύτην
2765 1303 3097 1391 λεγομένην

744 1405 934 1483 εἰδώς
974 1430 1043 1471 τε
1083 1408 1194 1470 καὶ
1236 1408 1542 1493 χρήσιμον
1586 1401 1780 1472 οὖσαν
1824 1403 1917 1483 εἷς
1957 1405 2069 1470 τὸν
2112 1407 2321 1493 φόβον
2361 1416 2471 1492 τῆς
2514 1405 2786 1483 ἀδικίας.
2869 1408 3096 1492 Πολλῷ

744 1509 814 1575 δὲ
854 1509 1095 1592 μᾶλλον
1147 1508 1526 1574 ἀδικεῖσθαι
1585 1508 1717 1574 δεῖν
1756 1509 2149 1595 παρήγγελεν
2210 1506 2248 1591 ἢ
2306 1512 2564 1574 κτείνειν
2622 1509 2975 1597 ἄνθρωπον
3032 1505 3097 1573 ἐν

743 1611 903 1699 ᾅδου
983 1619 1053 1680 et
1127 1632 1296 1695 quae
1370 1617 1753 1695 sequuntur.
1775 1614 1825 1699 1)
1942 1613 2184 1678 Exstat
2264 1613 2473 1696 igitur
2541 1613 2852 1679 iudicium
2924 1615 3096 1696 apud

743 1716 986 1783 inferos
1032 1721 1101 1782 et
1144 1716 1350 1783 Verba
1392 1716 1512 1781 illa
1570 1712 2045 1798 ἐκλογιζόμενος
2085 1714 2201 1791 τὰς
2242 1715 2396 1800 περὶ
2440 1714 2547 1801 τὴν
2589 1714 2801 1800 ψυχὴν
2841 1715 2950 1780 καὶ
2991 1715 3097 1800 τὴν

745 1817 962 1882 οὐσίαν
1007 1817 1194 1903 αὐτῆς
1225 1870 1239 1885 .
1271 1870 1285 1885 .
1319 1819 1543 1901 φύσεις
1600 1819 1685 1883 ad
1745 1817 2001 1884 animae
2044 1823 2350 1884 naturam
2408 1823 2711 1900 spectare
2770 1818 3094 1902 videntur,

749 1941 880 2003 qua
908 1922 1001 2006 fit,
1046 1925 1122 1986 ut
1151 1921 1373 2003 puniri
1402 1921 1612 2003 possit
1640 1926 1789 2002 post
1816 1925 2090 1986 mortem
2121 1922 2712 2004 metempsychosin
2743 1923 3094 1988 subeundo,

745 2024 1026 2109 Quinam
1067 2023 1315 2090 iudices
1353 2029 1705 2090 exerceant
1749 2023 2063 2089 iudicium
2106 2026 2391 2089 nondum
2428 2028 2710 2105 apparet
2737 2044 2949 2106 neque
2980 2024 3094 2090 ad-

743 2127 992 2193 sentior
1051 2127 1492 2209 Dieterichio‚
1559 2127 1672 2211 qui
1746 2126 1817 2190 in
1884 2127 2163 2192 aliarum
2238 2130 2550 2193 contextu
2616 2128 3095 2193 sententiarum

745 2229 932 2312 (Nek.
964 2250 1023 2311 p.
1056 2231 1207 2316 207)
1231 2230 1296 2313 2>,
1343 2249 1486 2295 cum
1531 2232 1612 2295 de
1642 2229 1957 2310 puniendi
1986 2229 2352 2295 rationibus
2383 2234 2634 2313 ageret,
2678 2230 3094 2297 Rhadaman-

742 2334 930 2398 thum
1016 2333 1605 2415 Pythagoricorum
1691 2332 1900 2398 fuisse
1987 2332 2309 2397 arbitrum
2395 2331 2723 2398 infernum
2810 2333 3096 2414 putavit.

747 2437 1038 2501 Aeacum
1080 2436 1366 2500 Minoem
1409 2417 1984 2501 Rhadamanthum
2030 2436 2113 2500 ab
2159 2434 2353 2500 initio
2398 2434 2657 2501 iunctos
2704 2435 2908 2501 fuisse
2967 2454 3095 2500 non

747 2544 849 2604 est
890 2537 1248 2605 verisimile
1292 2575 1377 2584 -—
1422 2555 1539 2603 cur
1581 2536 1754 2603 enim
1798 2539 1880 2603 de
1924 2537 2019 2603 eis
2064 2536 2229 2618 ipsis
2275 2556 2480 2619 usque
2512 2540 2596 2603 ad
2627 2537 2925 2605 Platonis
2957 2537 3095 2604 fere

746 2644 1037 2706 aetatem
1101 2641 1271 2706 nihil
1338 2638 1683 2706 audimus?
1725 2677 1843 2723 —,
1911 2641 2028 2705 sed
2094 2645 2400 2706 currente
2468 2660 2630 2709 aevo
2690 2659 2888 2706 unum
2949 2647 3097 2723 post

917 2847 956 2915 1)
992 2846 1176 2901 Alium
1225 2846 1492 2913 quendam
1539 2846 1716 2900 locum
1763 2861 1872 2899 non
1924 2844 2102 2913 recepi
2146 2844 2205 2899 in
2252 2845 2535 2901 verborum
2572 2850 2900 2915 contextum,
2954 2846 3095 2913 quod

743 2949 850 2987 non
896 2933 1075 2986 omnia
1122 2937 1266 2986 recte
1311 2948 1396 2985 me
1443 2932 1764 3000 intellegere
1812 2930 2083 2985 confiteor.
2172 2931 2275 2985 Est
2322 2937 2504 2985 autem
2553 2931 2714 3000 Diog.
2763 2931 2945 2986 Laert.
2994 2932 3096 2987 vit.

744 3020 978 3087 Pythag.
1015 3017 1097 3087 35,
1135 3018 1230 3085 qui
1263 3017 1408 3071 inter
1440 3021 1730 3084 praecepta
1756 3016 2102 3085 Pythagorae
2138 3017 2270 3070 haec
2294 3016 2540 3071 exhibet:
2578 3014 2750 3084 ἄρτον
2784 3015 2860 3081 μὴ
2901 3035 3098 3085 καταγ-

743 3104 921 3161 νύειν,
973 3101 1056 3154 ὅτι
1102 3101 1183 3171 ἐφ’
1232 3104 1329 3152 ἕνα
1365 3104 1416 3152 οἱ
1450 3098 1619 3151 πάλαι
1670 3104 1786 3151 τῶν
1821 3098 1995 3170 φίλων
2047 3102 2298 3170 ἐφοίτων,
2344 3100 2602 3170 καθάπερ
2655 3101 2734 3151 ἔτι
2783 3105 2873 3151 καὶ
2907 3104 3010 3152 νῦν
3045 3105 3098 3153 οἱ

743 3186 1042 3257 βάρβαροι·
1095 3185 1231 3254 μηδὲ
1287 3184 1517 3255 διαιρεῖν
1569 3185 1626 3239 ὃς
1677 3185 1899 3254 συνάγει
1946 3183 2164 3239 αὐτούς·
2219 3188 2270 3237 οἱ
2317 3186 2376 3237 δὲ
2423 3185 2595 3251 πρὸς
2640 3187 2762 3249 τὴν
2809 3187 2881 3236 ἐν
2928 3185 3009 3250 οἶδ
3021 3208 3098 3239 ου

745 3277 990 3342 κρίσιν.
1039 3275 1089 3323 οἱ
1154 3266 1275 3325 δἐἰς
1321 3268 1562 3337 πόλεμον
1605 3269 1809 3323 δειλίαν
1854 3286 2064 3323 ποιεῖν·
2102 3274 2153 3323 οἱ
2189 3268 2265 3330 δέ,
2312 3272 2430 3322 ἐπεὶ
2475 3270 2586 3323 ἀπὸ
2634 3270 2831 3323 τούτου
2876 3270 3099 3341 ἄρχεται

741 3359 805 3410 τὸ
842 3355 985 3412 ὅλον.
1021 3359 1354 3427 Interpretes
1391 3358 1610 3425 quidam
1634 3358 1929 3412 secundum
1946 3358 2319 3426 Pythagoram
2355 3374 2549 3426 panem
2584 3358 2770 3427 frangi
2804 3374 2911 3412 non
2947 3375 3098 3426 opor-

744 3450 875 3511 tere,
911 3444 1053 3511 quod
1088 3460 1191 3512 coe,
1228 3443 1324 3511 qui
1358 3442 1415 3497 id
1451 3443 1723 3510 fecissent,
1762 3442 1821 3496 in
1846 3443 1980 3498 Orco
2014 3443 2276 3497 iudicium
2313 3449 2656 3512 exspectaret
2692 3443 2902 3512 opinati
2938 3450 3097 3510 sunt3

744 3529 870 3584 vide
905 3528 1463 3597 Goettlingium,
1513 3527 1634 3583 Ges,
1672 3528 1811 3582 Abh.
1848 3544 1900 3596 p.
1935 3527 2174 3595 313s314.

916 3630 958 3700 2)
995 3631 1145 3685 Gitat
1179 3631 1256 3685 ibi
1292 3631 1641 3685 Aristotelem
1677 3631 1859 3695 (ethic.
1895 3630 2100 3685 Nicom.
2124 3631 2176 3685 V
2209 3631 2288 3699 8):
2324 3627 2474 3681 δοκεῖ
2507 3627 2567 3680 δέ
2585 3647 2692 3680 τισι
2729 3633 2817 3679 καὶ
2852 3628 2914 3681 τὸ
2952 3628 3100 3680 ἅντι-

742 3715 1028 3768 πεπονθὸς
1074 3715 1214 3766 εἶναι
1267 3712 1447 3769 ἁπλῶς
1493 3714 1597 3785 (τὸ)
1644 3714 1884 3776 δίκαιον,
1931 3716 2115 3784 ὥσπερ
2169 3718 2220 3766 οἱ
2265 3715 2646 3784 Πυθαγόρειοι
2693 3715 2919 3784 ἔφασαν.
2974 3713 3098 3784 ὠρί-

744 3805 905 3865 ζοντο
950 3803 1056 3870 γὰρ
1104 3798 1283 3854 ἁπλῶς
1327 3801 1391 3853 τὸ
1445 3799 1655 3852 δίκαιον
1699 3800 1763 3853 τὸ
1812 3798 2218 3854 ἀντιπεπονθὸς
2264 3797 2408 3862 ἄλλῳ
2446 3839 2457 3851 .
2484 3839 2495 3851 .
2525 3840 2536 3851 .
2575 3803 2750 3850 καίτοι
2807 3796 3103 3866 βούλονταί

741 3908 804 3956 γε
822 3889 988 3942 τοῦτο
1013 3884 1186 3955 λέγειν
1211 3890 1301 3937 καὶ
1322 3885 1385 3939 τὸ
1421 3884 1819 3953 Ῥαδαμάνθ·
1837 3906 1948 3940 vos
1983 3885 2194 3938 δίκαιον
2213 3906 2225 3917 ·
2252 3890 2304 3937 εἴ
2325 3906 2383 3936 κε
2408 3885 2589 3937 πάθοι
2614 3884 2684 3936 τά
2708 3884 2756 3936 τ’
2791 3886 2956 3953 ἔρεξε,
2979 3883 3099 3949 δίκη

741 3970 790 4042 y'
815 3973 968 4024 ἰθεῖα
989 3974 1220 4041 γένοιτο,
1251 3979 1308 4027 et
1331 3973 1515 4042 pergit
1550 3972 1654 4027 sic:
1692 3973 1838 4026 ‘Also
1877 3972 1964 4027 die
1988 3972 2361 4040 Pythagoreer
2383 3971 2560 4026 haben
2584 3971 2730 4026 diese
2757 3971 3102 4025 Wiederver-

743 4057 1155 4128 geltungslehre
1201 4058 1444 4127 gepflegt
1479 4059 1591 4112 und
1626 4058 1798 4113 ihrem
1834 4057 2345 4112 Totenrichter
2379 4058 2445 4111 R.
2495 4058 2719 4111 wurden
2767 4057 2881 4110 alte
2913 4057 3101 4124 Verse,

743 4143 831 4198 die
878 4143 1025 4198 diese
1071 4143 1246 4197 Lehre
1294 4145 1679 4212 aussprachen,
1729 4142 2040 4212 beigelegt’.
2113 4144 2190 4196 At
2235 4143 2345 4197 illis
2392 4142 2571 4197 verbis
2619 4142 3101 4196 Rhadamanthum

743 4234 1074 4283 mortuorum
1111 4228 1279 4283 fuisse
1320 4228 1551 4283 iudicem
1594 4229 1813 4284 minime
1857 4229 2272 4297 demonstratur,
2315 4228 2478 4282 immo
2519 4243 2649 4283 vero
2678 4227 3101 4282 Rhadamantho

744 4314 1016 4369 attributa
1057 4320 1200 4382 sunt,
1248 4315 1390 4381 quod
1443 4313 1656 4368 omnino
1708 4314 2011 4368 habebatur
2044 4313 2391 4381 iustissirnuS‚
2441 4313 2535 4380 qui
2593 4312 2900 4367 hominibus
2946 4312 3103 4382 leges

743 4400 993 4453 dederat:
1031 4400 1157 4453 vide
1191 4400 1257 4453 R.
1294 4400 1497 4468 HirzeI,
1534 4400 1643 4454 Der
1677 4399 1784 4454 Eid
1818 4417 1869 4467 p.
1907 4398 1992 4452 90.
