3475 5118
650 451 733 516 68
1714 449 1778 502 L.
1815 448 1963 502 Rubi
2904 449 3009 531 [36

1409 615 1555 680 οὐδὲ
1595 616 1739 702 μὴ’ν
1779 613 1997 680 (Ἀιδου
2040 618 2263 679 θανὼν

1059 721 1227 804 φύγῃ
1269 722 1560 802 ματαίων
1604 718 1814 794 αἰτίας
1856 719 2113 804 πράξας
2154 718 2309 782 τάδε
2326 740 2340 752 ·

1057 821 1242 886 κάκεῖ
1283 820 1529 902 δικάζει
1569 819 2099 908 τάμπλακήμαθ’,
2147 821 2237 897 ὣς
2280 821 2491 905 λόγος,

1055 925 1216 1001 Ζεὺς
1255 923 1445 1002 ἄλλος
1489 924 1556 989 ἐν
1596 935 1913 1007 καμοῦσιν
1953 923 2229 1001 ὑστάτας
2273 923 2475 1000 δίκας.

818 1064 912 1130 Et
940 1064 1292 1129 Furiarum
1338 1064 1573 1129 chorus
1620 1066 1852 1128 cantat
1892 1062 1962 1127 in
2006 1062 2556 1128 Eumenidum
2588 1082 2649 1129 v.
2682 1061 2814 1126 263
2838 1080 3009 1142 sqq.:

1052 1182 1162 1245 καὶ
1209 1181 1413 1262 ζῶντα
1458 1180 1514 1244 σ’
1562 1180 1855 1260 ἰχνάσασ’
1900 1180 2240 1263 ἀπάξομαι
2282 1186 2455 1245 κάτω

1053 1282 1563 1380 ἵνὲἀντιποίνους
1605 1287 1779 1369 τίνῃς
1820 1284 2233 1369 ματροφόνας
2276 1282 2461 1361 δύας·

647 1398 750 1453 265
1057 1385 1213 1471 ὄψει
1258 1385 1329 1451 δὲ
1371 1388 1475 1451 κεῖ
1507 1411 1605 1464 τις
1648 1386 1841 1464 ἄλλος
1880 1386 2089 1472 ἤλιτεν
2130 1391 2380 1471 βροτῶν

1056 1486 1096 1571 ἢ
1137 1488 1299 1554 θεὸν
1341 1486 1378 1571 ἢ
1425 1491 1600 1569 ξένον
1642 1490 1762 1553 τιν’
1802 1489 2054 1573 ἀσεβῶν

1053 1588 1092 1673 ἢ
1134 1597 1360 1670 τοκέας
1405 1591 1636 1677 φίλους

1058 1691 1281 1774 ἔχονθ’
1325 1691 1591 1758 ἕκαστον
1632 1704 1742 1780 τῆς
1787 1694 1965 1779 δίκης
2009 1693 2268 1773 ἐπάξια.

1053 1801 1256 1878 μέγας
1299 1796 1421 1883 γὰρ
1459 1795 1667 1883 Ἅιδης
1712 1796 1880 1861 ἐστὶν
1921 1796 2191 1873 εὔθυνος
2232 1800 2476 1880 βροτῶν

646 1908 751 1961 270
1050 1895 1287 1984 ἔνερθε
1329 1899 1584 1977 χθονός,

1059 1999 1468 2089 δελτογράφῳ
1514 2001 1584 2065 δὲ
1627 2001 1816 2065 πάντ’
1861 1999 2103 2085 ἐπωπᾷ
2149 2003 2357 2086 φρενί.

817 2171 878 2236 Α
921 2172 1223 2239 Platonis
1285 2173 1637 2240 sententiis
1690 2193 1884 2254 quam
1930 2173 2186 2238 alienae
2233 2173 2370 2238 sint
2414 2172 2733 2254 Aeschyli
2780 2171 3004 2237 statim

645 2278 938 2354 apparet.
1027 2275 1257 2356 Neque
1305 2276 1475 2341 enim
1520 2275 1812 2342 Aeacum
1870 2259 2155 2341 Minoem
2213 2275 2789 2341 Rhadamanthum
2838 2292 3005 2338 com-

647 2380 978 2460 memorat,
1023 2379 1139 2443 sed
1182 2378 1343 2453 Ζεὺς
1386 2377 1576 2454 ἄλλος
1619 2378 1685 2463 (i.
1732 2398 1785 2444 e.
1827 2388 1952 2441 τῶν
1995 2377 2393 2462 κεκμηκότων
2434 2397 2495 2443 V.
2528 2377 2677 2463 145)
2743 2374 3008 2455 δικάζει,

646 2496 771 2558 quo
811 2477 904 2562 fit,
948 2483 1024 2544 ut
1073 2479 1353 2545 Pindari
1419 2480 1944 2564 reminiscamur,
2011 2480 2124 2562 qui
2189 2479 2515 2546 simillime
2576 2482 2656 2545 de
2722 2484 3007 2546 mortuo-

645 2601 790 2646 rum
873 2581 1113 2649 iudicio
1195 2584 1603 2650 disseruerat
1681 2603 1892 2665 neque
1976 2588 2055 2650 de
2135 2585 2417 2667 singulis
2500 2582 2813 2650 certiores
2888 2602 3007 2649 nos

645 2684 914 2750 fecerat.
1001 2686 1315 2769 Aeschyli
1363 2686 1667 2768 Iuppiter
1713 2688 2077 2753 Tartareus
2136 2688 2310 2753 idem
2373 2692 2476 2752 est
2536 2691 2739 2768 atque
2782 2681 3006 2772 Ἅιδης,

645 2787 756 2868 qui
829 2784 1243 2874 δελτογράφῳ
1315 2789 1508 2853 πάντ’
1588 2784 1828 2874 ἐπωπᾷ
1895 2793 2083 2875 φρενί
2155 2790 2584 2874 („Allsehend
2643 2791 2850 2856 bucht
2929 2809 3003 2855 er

641 2890 796 2972 jede
833 2891 1113 2957 Schuld“
1163 2897 1239 2957 ut
1282 2893 1487 2959 vertit
1533 2895 1612 2958 de
1659 2893 2143 2978 Wilamowitz).
2218 2893 2390 2976 Quid
2428 2892 2802 2976 significent
2842 2893 3007 2957 haec

647 2994 854 3060 verba
895 3013 1288 3074 quaeramus
1329 3015 1601 3061 necesse
1646 3000 1767 3078 est,
1813 3016 1966 3061 nam
2005 2997 2173 3062 nihil
2218 3001 2416 3062 antea
2462 2999 2542 3061 de
2581 2996 2706 3061 tali
2749 2994 3005 3060 ratione

648 3098 1079 3177 cognoscendi
1136 3097 1305 3164 vitia
1366 3099 1683 3179 scriptum
1743 3098 2046 3165 vidimus.
2178 3098 2310 3164 Sed
2373 3118 2457 3164 ne
2525 3097 3003 3163 sententiarum

649 3201 992 3263 contextus
1036 3197 1238 3264 nimia
1280 3200 1565 3265 locorum
1609 3200 2037 3266 multitudine
2067 3202 2466 3284 turbaretur,
2513 3205 2745 3282 postea
2786 3199 3003 3281 capite

649 3300 890 3365 selecto
935 3300 1194 3381 planius
1241 3302 1349 3384 egi
1394 3305 1475 3367 de
1521 3303 1647 3367 hac
1689 3322 1781 3367 re.

815 3438 1000 3503 Haec
1030 3442 1200 3521 sunt,
1246 3458 1413 3519 quae
1455 3441 1535 3503 de
1566 3438 1883 3521 Aeschyli
1913 3438 2152 3505 iudicio
2197 3458 2537 3520 possumus
2583 3437 3001 3523 disputare.²)

824 3642 861 3707 1)
885 3642 1024 3696 Vide
1040 3641 1102 3695 G.
1129 3642 1158 3694 Ι
1175 3659 1226 3695 w
1245 3658 1370 3696 ano
1385 3643 1470 3696 wi
1487 3643 1671 3712 tsch‚
1697 3642 1987 3710 Opiniones
2000 3642 2223 3697 Homeri
2247 3648 2304 3697 et
2314 3642 2646 3710 tragicorum
2674 3642 3001 3696 Graecorum

646 3727 711 3781 de
745 3726 937 3781 inferis
984 3727 1147 3795 (Berl.
1186 3726 1341 3780 Stud.
1388 3728 1477 3781 fiir
1511 3728 1675 3781 klass
1725 3727 1869 3781 Phil.
1906 3743 1958 3781 u.
1997 3728 2246 3781 Archaol.
2295 3728 2444 3795 XVI,
2482 3727 2513 3780 1
2549 3745 2600 3796 p.
2654 3727 2858 3797 42s43):
2909 3728 3003 3781 ‘Ut

646 3812 761 3866 eius
798 3812 940 3865 modi
977 3811 1122 3865 enim
1158 3812 1533 3879 persuasiones
1591 3812 1746 3881 (dicit
1779 3812 1988 3879 iudicii)
2026 3813 2355 3881 exoriantur,
2408 3814 2722 3867 umbrarum
2762 3812 3001 3867 condicio

645 3913 711 3951 ea
743 3897 1064 3951 arbitranda
1101 3901 1200 3966 est,
1236 3896 1295 3951 in
1319 3913 1425 3964 qua
1449 3897 1581 3964 quin
1617 3897 1753 3951 insit
1786 3896 1935 3952 vitae
1960 3897 2116 3966 vigor
2152 3897 2616 3965 conscientiaeque
2641 3898 2725 3952 vis
2750 3897 3001 3952 absoluta

646 3995 751 4037 non
810 3982 1109 4037 dubitetur.
1205 3982 1255 4035 A
1312 3982 1465 4036 cuius
1542 3981 1868 4036 condicionis
1931 3983 2207 4037 sententia
2270 3988 2604 4051 quantopere
2658 3983 3003 4037 abhorruerit

643 4067 944 4136 Aeschylus
978 4068 1237 4135 perfacile
1272 4067 1398 4122 inde
1432 4067 1798 4137 intellegitur,
1855 4069 1999 4135 quod
2035 4068 2150 4122 eius
2198 4085 2408 4136 quoque
2460 4068 2728 4137 opinionis
2774 4068 3001 4136 praebet

644 4153 861 4222 indicia,
900 4169 1008 4221 qua
1042 4153 1244 4207 mortui
1279 4153 1468 4220 quovis
1504 4170 1692 4208 sensus
1729 4154 1885 4220 modo
1923 4170 2106 4208 carere
2154 4154 2321 4208 etiam
2369 4159 2487 4208 tum
2523 4154 3001 4221 existimabantur,

645 4240 800 4295 velut
831 4239 938 4307 frg.
974 4238 1077 4291 220
1115 4236 1203 4307 (N
1215 4237 1284 4307 ²):

1213 4337 1370 4410 ἄλγος
1405 4337 1451 4391 δ’
1490 4338 1702 4392 οὐδὲν
1737 4338 1967 4392 ἅπτεται
2001 4343 2196 4408 νεκροῦ
2300 4348 2358 4396 et
2389 4342 2497 4410 frg.
2535 4342 2667 4396 259:

1211 4430 1299 4476 καὶ
1332 4422 1455 4479 τοὺς
1489 4427 1765 4480 θανόντας
1801 4423 1913 4477 οὔτ’
1950 4427 2085 4488 ἔχεις
2118 4424 2417 4496 εὐεργετεῖν
