3475 5118
648 419 730 483 62
992 358 999 371 ⁸
1701 418 1765 472 L.
1801 417 1950 472 Ruhl
2896 419 3005 501 [30

649 587 933 654 edixisse
977 607 1203 655 verum
1248 590 1719 669 comprobetur.
1809 588 1992 654 Haec
2037 587 2176 654 fere
2223 592 2396 671 sunt,
2440 607 2609 670 quae
2657 590 2740 654 ad
2779 588 3002 669 depin-

646 695 928 774 gendam
986 690 1217 757 iudicii
1245 691 1429 757 illius
1473 690 1828 773 imaginem
1874 710 1956 757 ex
1999 691 2282 757 Luciani
2325 691 2608 774 dialogis
2664 710 3002 773 possumus

647 795 973 877 colligere.
1003 794 1203 875 Apud
1226 813 1370 860 eum
1395 813 1646 876 quoque
1670 814 1711 875 p
1732 814 1768 861 o
1791 814 1822 860 s
1839 798 1871 859 t
1892 815 1955 860 m
1972 813 2008 860 o
2024 815 2059 859 r
2073 798 2105 859 t
2122 814 2157 860 e
2173 814 2236 859 m
2259 794 2636 859 instituitur
2659 794 2968 860 iudicium
2988 846 3003 877 ,

649 898 818 977 quod
862 896 1080 963 facete
1140 916 1284 963 cum
1332 897 1483 962 aliis
1526 897 1684 963 locis
1726 902 1867 963 tum
1910 898 2127 964 Verae
2169 896 2484 963 historiae
2528 915 2580 963 c.
2628 897 2726 962 10.
2772 915 2845 962 eo
2893 899 3000 963 de-

647 1000 1045 1067 monstravit
1069 1005 1299 1066 auctor
1321 1001 1437 1066 ille
1469 999 1797 1084 satiricuS,
1822 1002 1992 1081 quod
2008 1000 2327 1066 neminem
2350 999 2479 1065 nisi
2502 1003 2823 1065 mortuum
2850 1003 3003 1065 ante

648 1102 853 1183 ipsius
885 1103 1177 1168 tribunal
1210 1103 1403 1168 cit-ari
1431 1104 2008 1169 Rhadamanthum
2055 1102 2217 1168 fecit
2262 1103 2603 1185 dicentem,
2668 1101 2825 1183 quia
2868 1101 3001 1167 Lu·

650 1205 878 1270 cianus
909 1206 1054 1286 ipse
1084 1225 1215 1271 una
1247 1225 1387 1271 cum
1420 1206 1767 1273 comitibus
1813 1208 1899 1272 ad
1927 1208 2267 1272 beatorum
2295 1205 2576 1271 insulam
2605 1211 3003 1287 pervenerat

648 1307 874 1388 ibique
919 1309 1004 1373 ad
1048 1308 1228 1375 Iovis
1272 1308 1475 1374 filium
1528 1314 1676 1374 erat
1733 1310 2072 1391 deductuS,
2129 1310 2244 1374 sed
2305 1310 2475 1388 quod
2533 1308 2727 1374 vivus
2791 1309 3004 1373 adhuc

648 1410 833 1475 illum
876 1410 1084 1476 locum
1129 1411 1403 1495 adierat,
1463 1414 1745 1477 nondum
1788 1413 1869 1476 de
1914 1430 1987 1476 eo
2033 1411 2428 1477 sententiam
2472 1409 2646 1476 ferre
2693 1415 3004 1492 poterant

649 1513 917 1578 iudiceS.
1025 1513 1233 1580 Plane
1301 1517 1523 1580 eodem
1598 1518 1906 1595 spectant
1972 1513 2190 1579 Procli
2255 1515 2462 1582 verba
2536 1513 2632 1598 (ΙΙ
2700 1533 2758 1594 p.
2822 1512 3001 1598 155):

651 1614 762 1678 διὰ
803 1618 867 1678 τί
922 1614 991 1679 δὲ
1051 1625 1311 1700 σημεῖον
1366 1618 1569 1700 τούτῳ
1630 1616 1791 1702 (scil.
1835 1625 1924 1699 τῷ
1968 1614 2124 1701 Ἠρί)
2165 1617 2546 1701 περιάπτειν
2591 1614 2705 1679 οὐκ
2749 1613 3004 1679 ἐθέλου-

651 1740 756 1783 σιν
813 1716 874 1782 οἱ
920 1716 1232 1791 δικασταί,
1294 1716 1507 1803 δῆλον·
1565 1717 1638 1782 οὗ
1698 1718 1821 1803 γὰρ
1881 1712 2042 1797 εἶχεν
2087 1716 2255 1801 αὐτῷ
2296 1721 2501 1802 πέρας
2545 1715 2580 1781 ὃ
2625 1720 2787 1800 βίος,
2846 1716 2883 1799 ἡ
2931 1715 3001 1781 δὲ

650 1823 855 1905 κρίσις
910 1815 981 1905 ἧν
1034 1821 1195 1903 μετὰ
1251 1819 1358 1885 τὸν
1402 1824 1544 1903 βίον
1586 1821 1696 1885 καὶ
1737 1819 1775 1904 ἡ
1817 1832 1941 1885 τῶν
1986 1823 2259 1907 σημείων
2301 1822 2650 1906 περίθεσις
2690 1820 2852 1902 μετὰ
2894 1819 3004 1905 τὴν

655 1926 876 2007 κρίσιν.

821 2026 992 2111 Quid
1018 2030 1257 2111 autem,
1289 2031 1460 2109 quod
1492 2027 1673 2093 aliud
1703 2027 1775 2092 in
1802 2026 1954 2093 Orci
1984 2028 2269 2106 quadam
2297 2026 2565 2109 regione
2596 2043 2727 2090 non
2757 2026 3003 2091 certius
3112 2025 3138 2050 ⁶

651 2128 924 2195 definita
983 2130 1223 2196 Minois
1277 2130 1694 2213 auctoritate,
1756 2128 1938 2195 aliud
1995 2129 2066 2194 in
2122 2128 2371 2212 Elysiis
2432 2128 2680 2209 campis
2742 2128 3004 2194 Rhada-

651 2233 920 2298 mantho
979 2236 1361 2299 moderante
1418 2233 1732 2299 iudicium
1788 2232 1934 2298 fieri
1989 2231 2299 2300 videtur?
2375 2232 2606 2297 Nonne
2666 2249 2707 2296 a
2753 2250 2824 2296 se
2863 2230 3003 2313 ipso

655 2334 967 2400 dissentit
1008 2336 1390 2401 Lucianus‘?
1478 2335 1651 2402 Sane
1696 2335 1972 2417 quidem,
2031 2336 2148 2400 sed
2204 2334 2415 2401 levior
2476 2339 2581 2399 est
2642 2334 3003 2416 dissensus,

653 2437 767 2516 qui
795 2437 1068 2503 licentia
1096 2439 1356 2520 poetica
1385 2438 1537 2503 huic
1589 2457 1842 2519 quoque
1889 2438 2145 2504 auctori
2190 2438 2605 2503 concedenda
2648 2434 2844 2502 facile
2890 2455 3003 2501 ex-

651 2540 953 2623 plicetur.
1041 2543 1358 2607 Attamen
1401 2541 1720 2608 rationem
1767 2544 2095 2623 quandam
2135 2543 2405 2607 subesse
2448 2539 2688 2607 iudicio
2735 2540 2806 2605 in
2851 2541 3005 2607 bea-

651 2649 863 2710 torum
910 2644 1175 2710 sedibus
1221 2646 1535 2711 collocato
1575 2645 1729 2711 inde
1763 2650 2055 2727 apparet,
2092 2648 2262 2726 quod
2293 2644 2878 2710 Rhadamanthum
2907 2643 3005 2710 ibi

651 2746 955 2813 habitare
978 2752 1046 2812 et
1067 2748 1319 2828 piorum
1344 2753 1569 2813 tenere
1584 2767 1859 2831 regnum
1875 2747 2008 2813 iam
2024 2766 2227 2829 supra
2249 2767 2307 2828 p.
2326 2748 2366 2812 3
2383 2750 2530 2812 adn.
2549 2749 2588 2812 2
2608 2746 3003 2812 audivimus.

650 2850 744 2915 Et
771 2849 1060 2931 profecto
1091 2869 1263 2916 nunc
1303 2850 1563 2930 quidem
1605 2851 1675 2916 in
1721 2855 2092 2917 sanctorum
2136 2854 2459 2916 conventu
2506 2852 2587 2915 de
2631 2848 3004 2915 hominibus

653 2955 739 3017 ad
770 2972 913 3018 eum
944 2953 1279 3034 perductis
1309 2953 1562 3019 iudicat
1605 2973 1723 3034 pro
1770 2953 2026 3019 meritis
2058 2973 2296 3035 eorum,
2334 2971 2479 3017 cum
2516 2952 2792 3017 Pindari
2827 2952 3007 3016 Rha·

654 3056 1047 3121 damanthus
1093 3055 1164 3120 in
1201 3058 1430 3121 eadem
1473 3055 1741 3138 regione
1787 3059 2021 3121 sedens
2066 3055 2331 3121 minime
2375 3055 2498 3120 tali
2542 3073 2811 3121 munere
2856 3054 3003 3120 fun-

652 3161 935 3239 geretur.
1022 3159 1251 3238 Neque
1295 3159 1501 3223 solum
1541 3158 1716 3224 inter
1755 3162 2041 3223 mortuos
2083 3158 2261 3239 ipsos
2294 3160 2373 3222 de
2409 3156 2696 3224 cuiusvis
2739 3155 3004 3239 generis

654 3259 999 3326 discordiis
1034 3258 1168 3325 fert
1213 3260 1626 3343 sententiam,
1669 3265 1745 3325 ut
1782 3280 1865 3325 ex
1895 3261 2044 3326 Ver.
2073 3260 2227 3325 hist.
2260 3279 2310 3325 c.
2342 3279 2390 3325 s.
2436 3264 2659 3341 posset
2704 3259 3004 3325 concludi

652 3355 748 3447 (ἦν
791 3360 862 3424 δὲ
892 3361 929 3444 ἡ
956 3360 1075 3443 μὲν
1115 3364 1339 3449 πρώτη
1384 3360 1527 3449 δίκη
1570 3363 1721 3449 περὶ
1765 3361 2044 3438 Αἴαντος
2074 3415 2087 3427 .
2120 3415 2132 3428 .
2166 3359 2291 3425 εἴτε
2333 3360 2450 3447 χρὴ
2491 3371 2770 3425 συνεῖναι
2815 3359 3006 3425 αὐτὸν

650 3474 787 3541 τοῖς
828 3463 1029 3550 ἥρωσι
1075 3463 1201 3529 εἴτε
1242 3465 1351 3529 καὶ
1395 3467 1524 3551 μή.
1557 3518 1570 3530 .
1617 3463 1878 3551 δευτέρα
1940 3464 2009 3528 δὲ
2051 3459 2125 3549 ἦν
2166 3467 2375 3550 κρίσις
2421 3460 2701 3550 ἐρωτική,
2750 3468 3005 3551 Θησέως

652 3566 762 3629 καὶ
802 3567 1127 3632 Μενελάου
1180 3569 1333 3653 περὶ
1388 3577 1495 3653 τῆς
1547 3567 1795 3654 Ἑλένης
1853 3566 2402 3650 διαγωνιζομένων
2460 3619 2474 3633 .
2522 3619 2535 3633 .
2587 3571 2764 3652 τρίτη
2820 3563 3006 3631 6²3&-

652 3672 868 3755 κάσθη
926 3670 1091 3756 περὶἼ
1148 3668 1494 3756 προεδρίας
1531 3668 1930 3756 Ἀλεξάνδρῳ
1979 3717 1993 3732 .
2042 3724 2056 3738 .
2101 3671 2212 3734 καὶ
2253 3670 2557 3755 Ἀννίβᾳ),
2618 3674 2735 3736 sed
2795 3670 3005 3736 eidem

654 3772 1017 3838 facinorum
1076 3773 1397 3839 rationem
1457 3777 1618 3840 dare
1683 3779 2023 3857 coguntur,
2098 3773 2239 3855 qui
2313 3774 2500 3840 vita
2574 3772 3003 3839 discesse-

652 3880 881 3958 runt,
942 3881 1016 3941 ut
1072 3894 1153 3941 ex
1196 3875 1339 3957 ipso
1382 3884 1489 3960 τῆς
1532 3873 1818 3961 ἀληθοῦς
1875 3874 2157 3961 ἱστορίας
2214 3875 2508 3942 Luciano
2555 3875 3005 3957 comperimuS‚

652 3997 843 4059 quem
900 3984 1050 4059 post
1104 3984 1375 4045 mortem
1419 3984 1689 4061 propter
1731 3979 1863 4045 iter
1905 3980 1975 4046 in
2034 3978 2334 4061 Elysium
2392 3979 2642 4045 factum
2705 3985 2774 4044 et
2819 3976 3006 4063 φιλο-

650 4082 1103 4168 πραγμοσύνην
1131 4102 1202 4148 se
1232 4082 1612 4164 puniturum
1644 4101 1789 4148 esse
1820 4081 2107 4148 minatus
2139 4086 2285 4148 erat
2313 4083 2512 4148 iudex
2554 4080 3004 4147 inexorabilis.

651 4185 751 4251 De
777 4185 1064 4251 eiusdem
1080 4185 1454 4266 inquirendi
1470 4190 1538 4251 et
1556 4185 1912 4251 damnandi
1929 4185 2146 4251 studio
2163 4186 2355 4266 plura
2373 4183 2671 4266 proferre
2690 4203 2852 4265 opus
2870 4203 2999 4249 non

652 4286 799 4370 erit,
844 4288 1149 4368 quoniam
1185 4287 1256 4353 in
1297 4288 1545 4371 dialogi
1575 4287 1890 4369 Cataplus
1922 4289 2036 4369 qui
2065 4287 2449 4353 inscribitur
2479 4287 2641 4353 locis
2671 4285 3004 4368 tractatiS,

647 4389 767 4455 ubi
813 4392 893 4456 de
935 4391 1132 4456 rebus
1174 4395 1435 4457 tantum
1477 4393 1653 4472 apud
1697 4408 1968 4472 superos
2012 4389 2219 4472 gestis
2263 4389 2527 4456 ferebat
2587 4388 3004 4471 sententiam,
